395339315,67068.88000000,0.00148000,99.26194240,1772323209088203,True,True
395339316,67071.20000000,0.00200000,134.14240000,1772323316320184,True,True
395339317,67170.26000000,0.02028000,1362.21287280,1772323455145011,True,True
395339318,67002.72000000,0.00200000,134.00544000,1772323622137135,False,True
395339319,66885.79000000,0.00200000,133.77158000,1772325103653479,False,True
395339320,66825.05000000,0.00200000,133.65010000,1772325602171038,False,True
395339321,66725.98000000,0.00200000,133.45196000,1772325801901024,False,True
395339322,66894.69000000,0.00049000,32.77839810,1772326797170203,True,True
395339323,66894.69000000,0.00080000,53.51575200,1772326797210880,True,True
395339324,66894.69000000,0.00040000,26.75787600,1772326797212591,True,True
395339325,66894.69000000,0.00039000,26.08892910,1772326797214051,True,True
395339326,66719.98000000,0.00039000,26.02079220,1772327257407354,True,True
395339327,66719.98000000,0.00161000,107.41916780,1772327257417449,True,True
395339328,66601.39000000,0.00340000,226.44472600,1772327375494195,True,True
395339329,66601.39000000,0.00040000,26.64055600,1772327375494577,True,True
395339330,66601.39000000,0.00201000,133.86879390,1772327375498821,True,True
395339331,66601.39000000,0.00060000,39.96083400,1772327375499661,True,True
395339332,66601.39000000,0.00260000,173.16361400,1772327375499762,True,True
395339333,66601.39000000,0.00280000,186.48389200,1772327375500742,True,True
395339334,66601.39000000,0.00340000,226.44472600,1772327375500800,True,True
395339335,66601.39000000,0.00240000,159.84333600,1772327375501008,True,True
395339336,66601.39000000,0.00268000,178.49172520,1772327375502430,True,True
395339337,66476.25000000,0.00225000,149.57156250,1772327463128185,True,True
395339338,66470.47000000,0.02000000,1329.40940000,1772327463128185,True,True
395339339,66409.73000000,0.00113000,75.04299490,1772327464919941,True,True
395339340,66409.73000000,0.00195000,129.49897350,1772327464925913,True,True
395339341,66409.73000000,0.01692000,1123.65263160,1772327464931627,True,True
395339342,66213.21000000,0.00166000,109.91392860,1772327464959786,True,True
395339343,66356.10000000,0.00200000,132.71220000,1772327467539109,False,True
395339344,66246.19000000,0.00200000,132.49238000,1772327818444423,True,True
395339345,66369.61000000,0.00200000,132.73922000,1772328063463016,True,True
395339346,66407.67000000,0.00453000,300.82674510,1772328070291457,False,True
395339347,66410.98000000,0.00112000,74.38029760,1772328070291457,False,True
395339348,66421.77000000,0.00200000,132.84354000,1772328213057906,False,True
395339349,66909.60000000,0.02000000,1338.19200000,1772329671751251,False,True
395339350,66916.48000000,0.02000000,1338.32960000,1772329671852999,False,True
395339351,67122.05000000,0.00200000,134.24410000,1772329732426839,False,True
395339352,67122.05000000,0.00181000,121.49091050,1772329732427837,False,True
395339353,67122.22000000,0.00200000,134.24444000,1772329732427837,False,True
395339354,67136.82000000,0.01619000,1086.94511580,1772329732427837,False,True
395339355,67159.32000000,0.00200000,134.31864000,1772329763283807,False,True
395339356,67277.32000000,0.02000000,1345.54640000,1772329794454477,False,True
395339357,67441.08000000,0.00344000,231.99731520,1772329801198785,False,True
395339358,67479.97000000,0.00200000,134.95994000,1772329820111913,True,True
395339359,67447.46000000,0.02000000,1348.94920000,1772329820116949,True,True
395339360,67558.80000000,0.01268000,856.64558400,1772329822124448,False,True
395339361,67558.80000000,0.00736000,497.23276800,1772329822653725,False,True
395339362,67473.70000000,0.00130000,87.71581000,1772329975089624,False,True
395339363,67473.70000000,0.00070000,47.23159000,1772329975095489,False,True
395339364,67520.66000000,0.00087000,58.74297420,1772329975095489,False,True
395339365,67578.25000000,0.00172000,116.23459000,1772329976627228,False,True
395339366,67366.15000000,0.00200000,134.73230000,1772330176087004,True,True
395339367,67349.25000000,0.00088000,59.26734000,1772330256867552,True,True
395339368,67349.23000000,0.00087000,58.59383010,1772330256919954,True,True
395339369,67339.92000000,0.02016000,1357.57278720,1772330256943631,True,True
395339370,67521.28000000,0.00013000,8.77776640,1772330430163442,False,True
395339371,67523.20000000,0.00122000,82.37830400,1772330430163442,False,True
395339372,67523.20000000,0.00013000,8.77801600,1772330430200355,False,True
395339373,67571.62000000,0.00073000,49.32728260,1772330430200355,False,True
395339374,67571.62000000,0.00013000,8.78431060,1772330430597089,False,True
395339375,67591.87000000,0.00086000,58.12900820,1772330430597089,False,True
395339376,67595.41000000,0.00147000,99.36525270,1772330430597089,False,True
395339377,67607.91000000,0.01853000,1252.77457230,1772330430597089,False,True
395339378,67659.71000000,0.02000000,1353.19420000,1772330430897128,False,True
395339379,68000.00000000,0.00015000,10.20000000,1772330541303457,False,True
395339380,68000.00000000,0.00301000,204.68000000,1772330541303457,False,True
395339381,68049.41000000,0.00200000,136.09882000,1772330580689496,False,True
395339382,68227.62000000,0.00148000,100.97687760,1772330629394076,False,True
395339383,68157.76000000,0.00200000,136.31552000,1772330707356964,True,True
395339384,68134.75000000,0.00200000,136.26950000,1772330756160875,False,True
395339385,67929.04000000,0.00200000,135.85808000,1772331274733354,False,True
395339386,67794.04000000,0.00200000,135.58808000,1772331704467522,False,True
395339387,67821.81000000,0.00200000,135.64362000,1772331737495298,True,True
395339388,67800.67000000,0.00200000,135.60134000,1772332415951018,False,True
395339389,67898.84000000,0.00200000,135.79768000,1772332493968337,False,True
395339390,68144.49000000,0.00200000,136.28898000,1772333194950860,False,True
395339391,68081.48000000,0.00146000,99.39896080,1772333333967967,True,True
395339392,68019.94000000,0.00227000,154.40526380,1772333334481846,True,True
395339393,68019.94000000,0.00180000,122.43589200,1772333334482561,True,True
395339394,68019.94000000,0.00087000,59.17734780,1772333334483919,True,True
395339395,67990.96000000,0.00134000,91.10788640,1772333334929104,True,True
395339396,67990.95000000,0.00620000,421.54389000,1772333335083846,True,True
395339397,67990.95000000,0.01380000,938.27511000,1772333335084921,True,True
395339398,67834.91000000,0.02000000,1356.69820000,1772333434045181,False,True
395339399,67838.74000000,0.00200000,135.67748000,1772333458644063,False,True
395339400,67921.66000000,0.00200000,135.84332000,1772333530144474,True,True
395339401,67743.12000000,0.00200000,135.48624000,1772333935350362,False,True
395339402,67719.68000000,0.00116000,78.55482880,1772334286465087,False,True
395339403,67719.68000000,0.00084000,56.88453120,1772334286469169,False,True
395339404,67723.23000000,0.00091000,61.62813930,1772334336168598,True,True
395339405,67863.59000000,0.00200000,135.72718000,1772334744970123,False,True
395339406,67802.33000000,0.00200000,135.60466000,1772335052177604,False,True
395339407,67639.18000000,0.02000000,1352.78360000,1772335327362082,True,True
395339408,67557.52000000,0.00200000,135.11504000,1772335385294218,False,True
395339409,67530.93000000,0.00200000,135.06186000,1772335457817640,False,True
395339410,67529.54000000,0.00200000,135.05908000,1772335621393816,False,True
395339411,67631.22000000,0.00200000,135.26244000,1772335659974992,False,True
395339412,67545.10000000,0.00200000,135.09020000,1772335881873946,False,True
395339413,67580.19000000,0.00200000,135.16038000,1772336012384408,False,True
395339414,67582.29000000,0.00200000,135.16458000,1772336088283756,False,True
395339415,67622.39000000,0.00200000,135.24478000,1772336185518891,False,True
395339416,67683.95000000,0.00183000,123.86162850,1772336901501976,False,True
395339417,67694.27000000,0.00029000,19.63133830,1772337031007898,True,True
395339418,67715.38000000,0.00200000,135.43076000,1772337176525164,False,True
395339419,67728.86000000,0.02101000,1422.98334860,1772337214792599,True,True
395339420,67637.30000000,0.02000000,1352.74600000,1772337243370620,True,True
395339421,67600.01000000,0.00100000,67.60001000,1772337437476812,True,True
395339422,67600.01000000,0.00260000,175.76002600,1772337437494060,True,True
395339423,67600.01000000,0.00540000,365.04005400,1772337437498709,True,True
395339424,67600.01000000,0.00340000,229.84003400,1772337437509813,True,True
395339425,67600.01000000,0.00140000,94.64001400,1772337437514585,True,True
395339426,67600.01000000,0.00220000,148.72002200,1772337437593708,True,True
395339427,67600.01000000,0.00047000,31.77200470,1772337437785264,True,True
395339428,67600.01000000,0.00403000,272.42804030,1772337437904837,True,True
395339429,67537.89000000,0.00200000,135.07578000,1772337459171817,False,True
395339430,67656.64000000,0.00200000,135.31328000,1772337692705434,False,True
395339431,67446.61000000,0.00200000,134.89322000,1772338467714433,True,True
395339432,67229.05000000,0.00200000,134.45810000,1772338598009682,False,True
395339433,67205.66000000,0.00200000,134.41132000,1772338646741792,True,True
395339434,67151.84000000,0.00027000,18.13099680,1772338696889931,True,True
395339435,67272.05000000,0.00200000,134.54410000,1772338806811357,False,True
395339436,67405.53000000,0.00200000,134.81106000,1772339332645946,False,True
395339437,67475.30000000,0.00200000,134.95060000,1772339867193444,False,True
395339438,67446.59000000,0.02050000,1382.65509500,1772339981212064,True,True
395339439,67407.30000000,0.00200000,134.81460000,1772339994824940,True,True
395339440,67408.07000000,0.00200000,134.81614000,1772340050646378,False,True
395339441,67420.22000000,0.00200000,134.84044000,1772340761044243,False,True
395339442,67418.66000000,0.00200000,134.83732000,1772340845182477,False,True
395339443,67505.02000000,0.00200000,135.01004000,1772341457983093,False,True
395339444,67455.07000000,0.02055000,1386.20168850,1772341496055560,True,True
395339445,67316.51000000,0.00200000,134.63302000,1772341736418287,False,True
395339446,67365.23000000,0.00200000,134.73046000,1772341793495916,False,True
395339447,67475.36000000,0.00200000,134.95072000,1772341833412210,False,True
395339448,67411.98000000,0.00200000,134.82396000,1772342119827329,False,True
395339449,67511.99000000,0.00200000,135.02398000,1772342415570777,False,True
395339450,67540.94000000,0.00200000,135.08188000,1772343006396396,False,True
395339451,67491.71000000,0.00200000,134.98342000,1772343958595697,True,True
395339452,67467.19000000,0.00200000,134.93438000,1772344052813847,True,True
395339453,67139.50000000,0.00200000,134.27900000,1772345422867188,True,True
395339454,67047.30000000,0.00200000,134.09460000,1772345476760070,False,True
395339455,67107.03000000,0.02054000,1378.37839620,1772345578285578,True,True
395339456,67196.13000000,0.00148000,99.45027240,1772346594024522,True,True
395339457,67190.35000000,0.00340000,228.44719000,1772346594228179,True,True
395339458,67190.35000000,0.00240000,161.25684000,1772346594230701,True,True
395339459,67190.35000000,0.00100000,67.19035000,1772346594254662,True,True
395339460,67190.35000000,0.00320000,215.00912000,1772346594455971,True,True
395339461,67190.35000000,0.00060000,40.31421000,1772346594541150,True,True
395339462,67190.35000000,0.00100000,67.19035000,1772346594543378,True,True
395339463,67190.35000000,0.00080000,53.75228000,1772346594543431,True,True
395339464,67190.35000000,0.00300000,201.57105000,1772346594594856,True,True
395339465,67190.35000000,0.00113000,75.92509550,1772346594614808,True,True
395339466,67000.00000000,0.00015000,10.05000000,1772346832743991,True,True
395339467,66932.86000000,0.00200000,133.86572000,1772347468834091,False,True
395339468,66893.34000000,0.02041000,1365.29306940,1772347788818294,True,True
395339469,66765.39000000,0.00043000,28.70911770,1772347788831754,True,True
395339470,66744.49000000,0.00045000,30.03502050,1772347788831754,True,True
395339471,66744.49000000,0.00088000,58.73515120,1772347788832643,True,True
395339472,67057.70000000,0.00167000,111.98635900,1772349475625023,True,True
395339473,67103.10000000,0.00200000,134.20620000,1772350469325878,False,True
395339474,67205.12000000,0.00200000,134.41024000,1772350529374972,False,True
395339475,67249.00000000,0.02000000,1344.98000000,1772350529555213,False,True
395339476,67253.88000000,0.00010000,6.72538800,1772351693984151,False,True
395339477,67200.18000000,0.00200000,134.40036000,1772351753120289,False,True
395339478,67200.18000000,0.00088000,59.13615840,1772351980241205,False,True
395339479,67106.52000000,0.00200000,134.21304000,1772352522378188,False,True
395339480,67353.11000000,0.00200000,134.70622000,1772352709929915,True,True
395339481,67292.07000000,0.00200000,134.58414000,1772353207891054,True,True
395339482,67116.45000000,0.00200000,134.23290000,1772354903862933,True,True
395339483,66932.82000000,0.00200000,133.86564000,1772355067981314,True,True
395339484,66760.42000000,0.00114000,76.10687880,1772355116465389,True,True
395339485,66725.70000000,0.00200000,133.45140000,1772355148676486,True,True
395339486,66616.64000000,0.00108000,71.94597120,1772355541750633,True,True
395339487,66616.64000000,0.00060000,39.96998400,1772355541758061,True,True
395339488,66616.64000000,0.00031000,20.65115840,1772355541825750,True,True
395339489,66616.64000000,0.00001000,0.66616640,1772355541855208,True,True
395339490,66597.17000000,0.02095000,1395.21071150,1772355541905828,True,True
395339491,66633.90000000,0.00200000,133.26780000,1772355601474835,True,True
395339492,66630.80000000,0.02053000,1367.93032400,1772355601570845,True,True
395339493,66812.59000000,0.00025000,16.70314750,1772356907638012,False,True
395339494,66707.40000000,0.00200000,133.41480000,1772357233962082,True,True
395339495,66654.42000000,0.00200000,133.30884000,1772357292005142,False,True
395339496,66715.36000000,0.00200000,133.43072000,1772357395739228,True,True
395339497,66413.41000000,0.00200000,132.82682000,1772358159991093,False,True
395339498,66384.47000000,0.00040000,26.55378800,1772358503859190,True,True
395339499,66384.47000000,0.00040000,26.55378800,1772358503860032,True,True
395339500,66384.47000000,0.00060000,39.83068200,1772358503861369,True,True
395339501,66384.47000000,0.00060000,39.83068200,1772358503863613,True,True
395339502,66396.09000000,0.00099000,65.73212910,1772358681410766,False,True
395339503,66396.09000000,0.00049000,32.53408410,1772358681413718,False,True
395339504,66396.09000000,0.00025000,16.59902250,1772358681417132,False,True
395339505,66396.09000000,0.00027000,17.92694430,1772358681421513,False,True
395339506,66454.39000000,0.00031000,20.60086090,1772358798703590,False,True
395339507,66454.39000000,0.00169000,112.30791910,1772358798724146,False,True
395339508,66454.39000000,0.00930000,618.02582700,1772358798724146,False,True
395339509,66454.39000000,0.01020000,677.83477800,1772358798762217,False,True
395339510,66454.39000000,0.00050000,33.22719500,1772358798817312,False,True
395339511,66501.42000000,0.00040000,26.60056800,1772359805444449,True,True
395339512,66501.42000000,0.00060000,39.90085200,1772359805450834,True,True
395339513,66501.42000000,0.00100000,66.50142000,1772359805453105,True,True
395339514,66498.04000000,0.00080000,53.19843200,1772359805488388,True,True
395339515,66498.04000000,0.00060000,39.89882400,1772359805488817,True,True
395339516,66498.04000000,0.00120000,79.79764800,1772359805515525,True,True
395339517,66498.04000000,0.00140000,93.09725600,1772359805596528,True,True
395339518,66498.04000000,0.00200000,132.99608000,1772359805610182,True,True
395339519,66498.04000000,0.00480000,319.19059200,1772359805611468,True,True
395339520,66498.04000000,0.00964000,641.04110560,1772359805892307,True,True
395339521,66486.90000000,0.00321000,213.42294900,1772359806145332,True,True
395339522,66498.18000000,0.00200000,132.99636000,1772359971664023,False,True
395339523,66514.39000000,0.00327000,217.50205530,1772359971724192,False,True
395339524,66514.40000000,0.01080000,718.35552000,1772359971851661,False,True
395339525,66514.40000000,0.00920000,611.93248000,1772359972007235,False,True
395339526,66577.54000000,0.00200000,133.15508000,1772360661056839,False,True
395339527,66490.18000000,0.00200000,132.98036000,1772361996513907,False,True
395339528,66637.73000000,0.00200000,133.27546000,1772363764736231,False,True
395339529,66692.98000000,0.00200000,133.38596000,1772364188615924,True,True
395339530,66641.59000000,0.00200000,133.28318000,1772364313256768,False,True
395339531,66560.65000000,0.00200000,133.12130000,1772365203840936,False,True
395339532,66590.63000000,0.00200000,133.18126000,1772366596332244,True,True
395339533,66539.47000000,0.00200000,133.07894000,1772366764999654,False,True
395339534,66598.01000000,0.00200000,133.19602000,1772366895190790,False,True
395339535,66541.37000000,0.00200000,133.08274000,1772367925153159,False,True
395339536,66343.68000000,0.00200000,132.68736000,1772368682104723,False,True
395339537,66369.53000000,0.00341000,226.32009730,1772369604931236,True,True
395339538,66378.43000000,0.00200000,132.75686000,1772370275048551,True,True
395339539,66417.60000000,0.00080000,53.13408000,1772370635594516,True,True
395339540,66417.60000000,0.00120000,79.70112000,1772370635669019,True,True
395339541,66430.66000000,0.00080000,53.14452800,1772370718805368,False,True
395339542,66222.57000000,0.00200000,132.44514000,1772371258002530,False,True
395339543,66357.78000000,0.02100000,1393.51338000,1772371878309163,True,True
395339544,66507.90000000,0.00103000,68.50313700,1772373078828793,True,True
395339545,66680.16000000,0.00334000,222.71173440,1772373079795224,False,True
395339546,66731.27000000,0.00200000,133.46254000,1772373108410641,False,True
395339547,66839.41000000,0.00134000,89.56480940,1772373115195388,False,True
395339548,66839.42000000,0.02000000,1336.78840000,1772373115195388,False,True
395339549,67352.26000000,0.00200000,134.70452000,1772373216707351,False,True
395339550,67212.10000000,0.00009000,6.04908900,1772373281054536,False,True
395339551,67307.21000000,0.00200000,134.61442000,1772373292122022,True,True
395339552,67076.73000000,0.00200000,134.15346000,1772373338246336,True,True
395339553,66995.39000000,0.00200000,133.99078000,1772373377010183,True,True
395339554,67122.32000000,0.00200000,134.24464000,1772373512495235,True,True
395339555,67068.48000000,0.00329000,220.65529920,1772373714157056,True,True
395339556,67239.33000000,0.00200000,134.47866000,1772373994242482,False,True
395339557,67293.73000000,0.00200000,134.58746000,1772374069171572,False,True
395339558,67125.76000000,0.00200000,134.25152000,1772374306298695,False,True
395339559,67137.70000000,0.00200000,134.27540000,1772374760099864,True,True
395339560,67003.16000000,0.00200000,134.00632000,1772375355377370,True,True
395339561,66998.41000000,0.00200000,133.99682000,1772375404025888,True,True
395339562,67060.26000000,0.00200000,134.12052000,1772375645017221,True,True
395339563,66983.16000000,0.00371000,248.50752360,1772376137377788,True,True
395339564,66969.33000000,0.00460000,308.05891800,1772376137760023,True,True
395339565,66969.33000000,0.00060000,40.18159800,1772376137760548,True,True
395339566,66983.16000000,0.00149000,99.80490840,1772376138016907,False,True
395339567,66969.33000000,0.00040000,26.78773200,1772376138028953,True,True
395339568,66969.33000000,0.00060000,40.18159800,1772376138031276,True,True
395339569,66969.33000000,0.00400000,267.87732000,1772376138033762,True,True
395339570,66969.33000000,0.00460000,308.05891800,1772376138052237,True,True
395339571,66969.33000000,0.00094000,62.95117020,1772376138054024,True,True
395339572,66969.33000000,0.00460000,308.05891800,1772376138144328,True,True
395339573,66877.95000000,0.00200000,133.75590000,1772376152721596,False,True
395339574,67036.94000000,0.02000000,1340.73880000,1772377562860769,False,True
395339575,67033.79000000,0.02069000,1386.92911510,1772377608350187,True,True
395339576,66993.74000000,0.00200000,133.98748000,1772377742053510,False,True
395339577,67146.04000000,0.00200000,134.29208000,1772377954087240,False,True
395339578,67291.50000000,0.00200000,134.58300000,1772378266068395,True,True
395339579,67223.00000000,0.00200000,134.44600000,1772378425624661,False,True
395339580,67224.75000000,0.01723000,1158.28244250,1772378425672658,False,True
395339581,67153.63000000,0.00200000,134.30726000,1772378704645048,False,True
395339582,67179.18000000,0.00390000,261.99880200,1772378705943654,False,True
395339583,67201.10000000,0.00125000,84.00137500,1772378845499329,True,True
395339584,67259.62000000,0.00200000,134.51924000,1772379364368414,True,True
395339585,67207.97000000,0.00200000,134.41594000,1772379561749634,False,True
395339586,67207.97000000,0.00140000,94.09115800,1772379561749634,False,True
395339587,67241.47000000,0.00200000,134.48294000,1772379633637525,True,True
395339588,67290.99000000,0.00200000,134.58198000,1772379688724616,True,True
395339589,67248.16000000,0.00200000,134.49632000,1772379850075192,True,True
395339590,67193.35000000,0.00188000,126.32349800,1772380532231911,True,True
395339591,67193.35000000,0.00012000,8.06320200,1772380532325324,True,True
395339592,67236.79000000,0.00200000,134.47358000,1772380577796808,True,True
395339593,67193.99000000,0.02137000,1435.93556630,1772380577950931,True,True
395339594,67001.89000000,0.00200000,134.00378000,1772380684829507,True,True
395339595,66905.45000000,0.00200000,133.81090000,1772380795403369,True,True
395339596,66802.61000000,0.00200000,133.60522000,1772380884027306,False,True
395339597,66992.63000000,0.00200000,133.98526000,1772381159438674,True,True
395339598,67030.01000000,0.00200000,134.06002000,1772381562102067,True,True
395339599,67015.83000000,0.00200000,134.03166000,1772381787427934,True,True
395339600,66989.11000000,0.00371000,248.52959810,1772383345331075,True,True
395339601,66882.38000000,0.00160000,107.01180800,1772383502701827,True,True
395339602,66882.38000000,0.00094000,62.86943720,1772383502701906,True,True
395339603,66866.69000000,0.00131000,87.59536390,1772383502769535,True,True
395339604,66866.69000000,0.00600000,401.20014000,1772383502769916,True,True
395339605,66866.69000000,0.00845000,565.02353050,1772383503190659,True,True
395339606,66866.69000000,0.00040000,26.74667600,1772383503260972,True,True
395339607,66866.69000000,0.00087000,58.17402030,1772383503266398,True,True
395339608,66866.69000000,0.00335000,224.00341150,1772383503435999,True,True
395339609,66783.03000000,0.02007000,1340.33541210,1772383567863762,False,True
395339610,66783.04000000,0.00200000,133.56608000,1772383567981422,False,True
395339611,66709.41000000,0.00200000,133.41882000,1772383644032480,True,True
395339612,66474.95000000,0.02000000,1329.49900000,1772383702207342,True,True
395339613,66309.81000000,0.01998000,1324.87000380,1772383707405556,True,True
395339614,66309.81000000,0.00002000,1.32619620,1772383707405565,True,True
395339615,66000.00000000,0.00015000,9.90000000,1772383762082786,True,True
395339616,65947.90000000,0.00200000,131.89580000,1772383846940790,False,True
395339617,65931.17000000,0.00200000,131.86234000,1772383878140600,False,True
395339618,66173.97000000,0.00450000,297.78286500,1772383923999870,False,True
395339619,66174.01000000,0.00450000,297.78304500,1772383924003085,False,True
395339620,66079.61000000,0.00200000,132.15922000,1772384547903019,True,True
395339621,66287.02000000,0.00200000,132.57404000,1772385041857196,True,True
395339622,66243.37000000,0.00400000,264.97348000,1772385105316523,True,True
395339623,66243.25000000,0.01606000,1063.86659500,1772385105316523,True,True
395339624,66243.25000000,0.00400000,264.97300000,1772385105433675,True,True
395339625,66222.95000000,0.00135000,89.40098250,1772385162954971,True,True
395339626,65987.43000000,0.00200000,131.97486000,1772385447014374,True,True
395339627,66003.66000000,0.00200000,132.00732000,1772385841119705,False,True
395339628,66094.96000000,0.00200000,132.18992000,1772386102593993,True,True
395339629,66107.21000000,0.00200000,132.21442000,1772386230216280,False,True
395339630,66046.79000000,0.00200000,132.09358000,1772386426102977,False,True
395339631,66046.79000000,0.01025000,676.97959750,1772386426102977,False,True
395339632,66046.79000000,0.00130000,85.86082700,1772386426133519,False,True
395339633,66046.79000000,0.00845000,558.09537550,1772386426138836,False,True
395339634,66095.38000000,0.00200000,132.19076000,1772387312539037,False,True
395339635,66113.20000000,0.02000000,1322.26400000,1772387312698525,False,True
395339636,66161.96000000,0.00030000,19.84858800,1772387623792895,False,True
395339637,66161.96000000,0.00170000,112.47533200,1772387623871933,False,True
395339638,66150.55000000,0.01311000,867.23371050,1772387681975219,True,True
395339639,66123.95000000,0.00280000,185.14706000,1772387775441674,False,True
395339640,66123.95000000,0.01720000,1137.33194000,1772387775526009,False,True
395339641,66139.58000000,0.00040000,26.45583200,1772387892099470,True,True
395339642,66139.58000000,0.00160000,105.82332800,1772387892119761,True,True
395339643,66109.91000000,0.01720000,1137.09045200,1772387892198526,True,True
395339644,66109.91000000,0.00339000,224.11259490,1772387892502275,True,True
395339645,66090.92000000,0.00200000,132.18184000,1772388070214129,True,True
395339646,66186.86000000,0.00200000,132.37372000,1772388233921602,False,True
395339647,66186.86000000,0.02000000,1323.73720000,1772388233921602,False,True
395339648,66545.81000000,0.00120000,79.85497200,1772388283330306,False,True
395339649,66561.59000000,0.00200000,133.12318000,1772388421288616,False,True
395339650,66544.60000000,0.00010000,6.65446000,1772388620982528,False,True
395339651,66540.46000000,0.00200000,133.08092000,1772389186438348,True,True
395339652,66481.94000000,0.00200000,132.96388000,1772389241713819,False,True
395339653,66364.63000000,0.02020000,1340.56552600,1772389969337399,True,True
395339654,66459.83000000,0.02000000,1329.19660000,1772390088263961,False,True
395339655,66472.04000000,0.00280000,186.12171200,1772390088263961,False,True
395339656,66472.76000000,0.00200000,132.94552000,1772390397950074,True,True
395339657,66482.74000000,0.00200000,132.96548000,1772390863040438,True,True
395339658,66427.02000000,0.00040000,26.57080800,1772391272044524,True,True
395339659,66427.02000000,0.00120000,79.71242400,1772391272049086,True,True
395339660,66427.02000000,0.00040000,26.57080800,1772391272050355,True,True
395339661,66409.80000000,0.00080000,53.12784000,1772391889547556,True,True
395339662,66409.80000000,0.00120000,79.69176000,1772391889552973,True,True
395339663,66366.02000000,0.00200000,132.73204000,1772391975974761,True,True
395339664,66321.02000000,0.00200000,132.64204000,1772392184338751,False,True
395339665,66359.01000000,0.00200000,132.71802000,1772392322494409,True,True
395339666,66261.91000000,0.00200000,132.52382000,1772392450151274,True,True
395339667,66190.80000000,0.00120000,79.42896000,1772392555529608,True,True
395339668,66190.80000000,0.00080000,52.95264000,1772392555536948,True,True
395339669,66097.73000000,0.00121000,79.97825330,1772392672720725,True,True
395339670,66093.69000000,0.00150000,99.14053500,1772392672875051,True,True
395339671,66093.69000000,0.01925000,1272.30353250,1772392672903674,True,True
395339672,66112.20000000,0.02000000,1322.24400000,1772393456419943,False,True
395339673,66063.88000000,0.00200000,132.12776000,1772393580788325,False,True
395339674,66096.57000000,0.00200000,132.19314000,1772393847730901,True,True
395339675,66097.06000000,0.00200000,132.19412000,1772393917881631,True,True
395339676,66113.40000000,0.00200000,132.22680000,1772394106497772,True,True
395339677,66079.30000000,0.00200000,132.15860000,1772394162802261,True,True
395339678,66050.34000000,0.00200000,132.10068000,1772394210215144,True,True
395339679,65929.35000000,0.00200000,131.85870000,1772394334518738,True,True
395339680,65973.13000000,0.00200000,131.94626000,1772394419368927,True,True
395339681,65984.13000000,0.00200000,131.96826000,1772394558038253,True,True
395339682,65979.68000000,0.00200000,131.95936000,1772394601635563,True,True
395339683,65974.77000000,0.00200000,131.94954000,1772394877118673,True,True
395339684,66032.89000000,0.00200000,132.06578000,1772395225453360,True,True
395339685,65953.30000000,0.00200000,131.90660000,1772395296849672,True,True
395339686,65931.46000000,0.00200000,131.86292000,1772395398712337,True,True
395339687,65929.27000000,0.00200000,131.85854000,1772395634697856,True,True
395339688,65844.37000000,0.00200000,131.68874000,1772395687764571,True,True
395339689,65819.59000000,0.00200000,131.63918000,1772395737220747,True,True
395339690,65675.12000000,0.00200000,131.35024000,1772395768843637,False,True
395339691,65608.79000000,0.00200000,131.21758000,1772395875529192,True,True
395339692,65494.47000000,0.00200000,130.98894000,1772396000869347,True,True
395339693,65577.77000000,0.00200000,131.15554000,1772396210685794,True,True
395339694,65526.91000000,0.00189000,123.84585990,1772396245911132,False,True
395339695,65526.91000000,0.00189000,123.84585990,1772396245911248,False,True
395339696,65550.03000000,0.00200000,131.10006000,1772396360064232,False,True
395339697,65574.20000000,0.00200000,131.14840000,1772396406042157,True,True
395339698,65588.96000000,0.00200000,131.17792000,1772396478525386,True,True
395339699,65482.06000000,0.00200000,130.96412000,1772396537528252,True,True
395339700,65507.24000000,0.00200000,131.01448000,1772396798375562,True,True
395339701,65526.07000000,0.00200000,131.05214000,1772396880570952,True,True
395339702,65407.12000000,0.00200000,130.81424000,1772396999083999,True,True
395339703,65323.35000000,0.00200000,130.64670000,1772397154105752,True,True
395339704,65307.49000000,0.00200000,130.61498000,1772397294685066,True,True
395339705,65233.76000000,0.00200000,130.46752000,1772397332856037,False,True
395339706,65254.44000000,0.02000000,1305.08880000,1772397391988707,False,True
395339707,65324.25000000,0.00200000,130.64850000,1772397427212339,True,True
395339708,65323.32000000,0.00200000,130.64664000,1772397484944132,True,True
395339709,65345.31000000,0.00200000,130.69062000,1772397545837330,True,True
395339710,65295.33000000,0.00200000,130.59066000,1772397615760864,True,True
395339711,65254.58000000,0.00200000,130.50916000,1772397771306072,True,True
395339712,65320.19000000,0.00200000,130.64038000,1772398062405422,True,True
395339713,65288.74000000,0.00200000,130.57748000,1772398133387303,True,True
395339714,65321.39000000,0.00200000,130.64278000,1772398223067538,True,True
395339715,65450.44000000,0.00200000,130.90088000,1772398424560964,True,True
395339716,65428.61000000,0.00200000,130.85722000,1772398964489852,True,True
395339717,65390.05000000,0.00200000,130.78010000,1772399092840105,True,True
395339718,65395.25000000,0.00200000,130.79050000,1772399169643685,True,True
395339719,65422.61000000,0.00200000,130.84522000,1772399236472119,True,True
395339720,65433.66000000,0.00200000,130.86732000,1772399369642571,True,True
395339721,65546.68000000,0.00077000,50.47094360,1772399530381778,True,True
395339722,65596.21000000,0.00200000,131.19242000,1772399671237359,True,True
395339723,65605.00000000,0.00200000,131.21000000,1772399734744170,True,True
395339724,65582.35000000,0.00200000,131.16470000,1772399817466020,True,True
395339725,65576.95000000,0.00152000,99.67696400,1772399930284687,True,True
395339726,65574.33000000,0.00200000,131.14866000,1772399930284687,True,True
395339727,65712.12000000,0.00200000,131.42424000,1772400215776122,True,True
395339728,65675.32000000,0.00200000,131.35064000,1772400312429924,True,True
395339729,65612.60000000,0.00200000,131.22520000,1772400369112730,True,True
395339730,65678.68000000,0.00200000,131.35736000,1772400603941403,True,True
395339731,65646.15000000,0.00200000,131.29230000,1772400659056095,True,True
395339732,65630.48000000,0.00200000,131.26096000,1772400705593155,True,True
395339733,65716.55000000,0.00200000,131.43310000,1772401295061246,True,True
395339734,65686.12000000,0.00200000,131.37224000,1772401629408542,True,True
395339735,65690.16000000,0.00200000,131.38032000,1772401706353198,True,True
395339736,65729.54000000,0.00200000,131.45908000,1772401789935078,False,True
395339737,65771.51000000,0.00200000,131.54302000,1772401922538581,True,True
395339738,65762.40000000,0.00200000,131.52480000,1772402040965683,True,True
395339739,65767.22000000,0.00200000,131.53444000,1772402149755872,True,True
395339740,65787.09000000,0.00200000,131.57418000,1772402212978640,True,True
395339741,65813.67000000,0.00200000,131.62734000,1772402361428482,True,True
395339742,65755.83000000,0.00200000,131.51166000,1772402411965338,True,True
395339743,65852.31000000,0.00200000,131.70462000,1772402662743086,True,True
395339744,65817.39000000,0.00200000,131.63478000,1772402697700392,True,True
395339745,65761.54000000,0.00200000,131.52308000,1772402851619303,True,True
395339746,65638.45000000,0.00200000,131.27690000,1772402972237192,True,True
395339747,65631.25000000,0.00200000,131.26250000,1772403081425649,True,True
395339748,65882.38000000,0.02000000,1317.64760000,1772403184792032,False,True
395339749,65892.67000000,0.01553000,1023.31316510,1772403186986608,False,True
395339750,65996.07000000,0.00152000,100.31402640,1772403187453278,False,True
395339751,66039.02000000,0.00300000,198.11706000,1772403189840619,False,True
395339752,66113.39000000,0.00200000,132.22678000,1772403310950801,False,True
395339753,66187.34000000,0.00027000,17.87058180,1772403412556625,False,True
395339754,66170.22000000,0.00200000,132.34044000,1772403605775941,False,True
395339755,66164.36000000,0.00200000,132.32872000,1772403918136671,True,True
395339756,66049.52000000,0.00200000,132.09904000,1772403976246811,True,True
395339757,65929.24000000,0.00200000,131.85848000,1772404019466500,True,True
395339758,65921.25000000,0.00200000,131.84250000,1772404327537061,True,True
395339759,65801.88000000,0.00200000,131.60376000,1772404381422859,True,True
395339760,65765.06000000,0.00089000,58.53090340,1772404471186085,True,True
395339761,65765.06000000,0.01989000,1308.06704340,1772404471227117,True,True
395339762,65587.31000000,0.00450000,295.14289500,1772404475374760,True,True
395339763,65538.02000000,0.02048000,1342.21864960,1772404493818374,True,True
395339764,65476.21000000,0.02033000,1331.13134930,1772404494146264,True,True
395339765,65262.60000000,0.00200000,130.52520000,1772404663477628,True,True
395339766,65236.52000000,0.00200000,130.47304000,1772404720445065,True,True
395339767,65547.21000000,0.00136000,89.14420560,1772404878656681,False,True
395339768,65590.79000000,0.00018000,11.80634220,1772404878729068,False,True
395339769,65559.96000000,0.01967000,1289.56441320,1772404917510237,True,True
395339770,65544.66000000,0.00200000,131.08932000,1772404929900763,True,True
395339771,65504.09000000,0.00200000,131.00818000,1772404981203609,True,True
395339772,65448.35000000,0.00200000,130.89670000,1772405084169557,False,True
395339773,65481.60000000,0.00200000,130.96320000,1772405134074845,True,True
395339774,65280.27000000,0.01799000,1174.39205730,1772405409869376,False,True
395339775,65342.00000000,0.00100000,65.34200000,1772405483907660,True,True
395339776,65342.00000000,0.00100000,65.34200000,1772405483908466,True,True
395339777,65439.95000000,0.00200000,130.87990000,1772405724255706,True,True
395339778,65377.55000000,0.00200000,130.75510000,1772405766120771,True,True
395339779,65336.95000000,0.00200000,130.67390000,1772406000566043,True,True
395339780,65364.45000000,0.00200000,130.72890000,1772406065199595,True,True
395339781,65692.24000000,0.00014000,9.19691360,1772406149050238,False,True
395339782,65876.83000000,0.00200000,131.75366000,1772406523119836,True,True
395339783,66078.27000000,0.00200000,132.15654000,1772406622024228,False,True
395339784,65871.80000000,0.00200000,131.74360000,1772407020932734,True,True
395339785,65807.79000000,0.00200000,131.61558000,1772407482018262,False,True
395339786,65807.79000000,0.02000000,1316.15580000,1772407482018262,False,True
395339787,65688.80000000,0.00200000,131.37760000,1772408089413247,True,True
395339788,65840.67000000,0.00200000,131.68134000,1772408216178556,True,True
395339789,65804.39000000,0.00200000,131.60878000,1772408271056960,True,True
395339790,65896.15000000,0.00200000,131.79230000,1772408344294904,True,True
395339791,65820.59000000,0.00200000,131.64118000,1772408703488439,True,True
395339792,65850.41000000,0.00200000,131.70082000,1772409077785095,True,True
395339793,65779.11000000,0.00200000,131.55822000,1772409133296772,True,True
395339794,65784.92000000,0.00200000,131.56984000,1772409421646572,True,True
395339795,65906.30000000,0.00200000,131.81260000,1772409715378125,True,True
395339796,65971.74000000,0.00200000,131.94348000,1772410037851805,False,True
395339797,66184.26000000,0.00206000,136.33957560,1772410202814821,False,True
395339798,66111.92000000,0.00165000,109.08466800,1772410455044202,False,True
395339799,66111.92000000,0.00035000,23.13917200,1772410457186726,False,True
395339800,66130.59000000,0.00200000,132.26118000,1772411551528699,False,True
395339801,66570.67000000,0.00847000,563.85357490,1772412297675021,False,True
395339802,66570.67000000,0.01153000,767.55982510,1772412297892330,False,True
395339803,66732.81000000,0.01999000,1333.98887190,1772412774661795,True,True
395339804,66732.81000000,0.00001000,0.66732810,1772412774662187,True,True
395339805,66705.32000000,0.00166000,110.73083120,1772412806931874,True,True
395339806,66647.31000000,0.00200000,133.29462000,1772412841546931,False,True
395339807,66585.26000000,0.00200000,133.17052000,1772413283572291,False,True
395339808,66852.73000000,0.00200000,133.70546000,1772413802339014,False,True
395339809,67000.00000000,0.00015000,10.05000000,1772413861974437,False,True
395339810,67029.52000000,0.00200000,134.05904000,1772414220844039,True,True
395339811,66787.87000000,0.00170000,113.53937900,1772414436349212,False,True
395339812,66741.73000000,0.00200000,133.48346000,1772414542472403,True,True
395339813,66711.09000000,0.00200000,133.42218000,1772414941391862,True,True
395339814,66666.82000000,0.00200000,133.33364000,1772415251446495,False,True
395339815,66669.70000000,0.00053000,35.33494100,1772415438681932,True,True
395339816,66712.73000000,0.00200000,133.42546000,1772415741085741,True,True
395339817,66559.19000000,0.00060000,39.93551400,1772416337246509,False,True
395339818,66559.19000000,0.00060000,39.93551400,1772416337246693,False,True
395339819,66559.19000000,0.00060000,39.93551400,1772416337272571,False,True
395339820,66559.19000000,0.00020000,13.31183800,1772416337366380,False,True
395339821,66416.81000000,0.00200000,132.83362000,1772417204815332,True,True
395339822,66219.94000000,0.00027000,17.87938380,1772417402073622,True,True
395339823,66070.17000000,0.00089000,58.80245130,1772417454284107,True,True
395339824,66107.33000000,0.00200000,132.21466000,1772417555754884,True,True
395339825,66240.01000000,0.00200000,132.48002000,1772417860432722,False,True
395339826,66236.02000000,0.00200000,132.47204000,1772417924927482,True,True
395339827,66163.13000000,0.00200000,132.32626000,1772417967785213,True,True
395339828,66334.47000000,0.00200000,132.66894000,1772418770870906,False,True
395339829,66494.42000000,0.00200000,132.98884000,1772421080600798,False,True
395339830,66731.21000000,0.00142000,94.75831820,1772421607201623,False,True
395339831,66731.21000000,0.00028000,18.68473880,1772421607258170,False,True
395339832,66731.21000000,0.00028000,18.68473880,1772421607258392,False,True
395339833,66731.21000000,0.00002000,1.33462420,1772421607258394,False,True
395339834,66998.01000000,0.00200000,133.99602000,1772423187372860,True,True
395339835,66892.74000000,0.00200000,133.78548000,1772424213969132,True,True
395339836,66853.12000000,0.00200000,133.70624000,1772424292734290,True,True
395339837,66773.66000000,0.00200000,133.54732000,1772424737069021,True,True
395339838,66839.52000000,0.00200000,133.67904000,1772425186500722,True,True
395339839,66829.18000000,0.02055000,1373.33964900,1772425186623097,True,True
395339840,66990.22000000,0.00087000,58.28149140,1772426128971611,True,True
395339841,66990.22000000,0.00100000,66.99022000,1772426128971708,True,True
395339842,66990.22000000,0.00013000,8.70872860,1772426129490138,True,True
395339843,66968.10000000,0.02105000,1409.67850500,1772426129535033,True,True
395339844,66892.91000000,0.00007000,4.68250370,1772426512692280,True,True
395339845,66749.46000000,0.00200000,133.49892000,1772426895457799,True,True
395339846,66786.63000000,0.00180000,120.21593400,1772427160347421,False,True
395339847,66882.85000000,0.00200000,133.76570000,1772427591942302,False,True
395339848,66673.03000000,0.00200000,133.34606000,1772428052474576,False,True
395339849,66709.50000000,0.00220000,146.76090000,1772429103172078,False,True
395339850,66953.25000000,0.02150000,1439.49487500,1772430411763514,True,True
395339851,66970.88000000,0.02202000,1474.69877760,1772430491457962,True,True
395339852,66925.62000000,0.00345000,230.89338900,1772430514140055,True,True
395339853,66925.55000000,0.01304000,872.70917200,1772430514140055,True,True
395339854,66704.32000000,0.00027000,18.01016640,1772431303234099,True,True
395339855,66499.63000000,0.00200000,132.99926000,1772432275712382,True,True
395339856,66499.63000000,0.01800000,1196.99334000,1772432275712382,True,True
395339857,66499.63000000,0.00088000,58.51967440,1772432275745640,True,True
395339858,66499.63000000,0.00088000,58.51967440,1772432275749762,True,True
395339859,66499.63000000,0.00225000,149.62416750,1772432275767094,True,True
395339860,66499.64000000,0.02174000,1445.70217360,1772432276522028,True,True
395339861,66332.38000000,0.00200000,132.66476000,1772432402421184,False,True
395339862,66209.01000000,0.00200000,132.41802000,1772432648219639,False,True
395339863,66348.64000000,0.00200000,132.69728000,1772433340705444,True,True
395339864,66320.48000000,0.00200000,132.64096000,1772433414496235,True,True
395339865,66312.57000000,0.00200000,132.62514000,1772433613344893,True,True
395339866,66325.99000000,0.00200000,132.65198000,1772433724174236,True,True
395339867,66370.53000000,0.00200000,132.74106000,1772433818211567,True,True
395339868,66340.71000000,0.00200000,132.68142000,1772433906818014,True,True
395339869,66236.58000000,0.00200000,132.47316000,1772434185698674,True,True
395339870,66287.03000000,0.00200000,132.57406000,1772434639174317,False,True
395339871,66272.88000000,0.00200000,132.54576000,1772434805899567,True,True
395339872,66000.00000000,0.00015000,9.90000000,1772435314797174,True,True
395339873,65882.71000000,0.00200000,131.76542000,1772435372400919,True,True
395339874,65745.24000000,0.00200000,131.49048000,1772435426660011,True,True
395339875,65739.49000000,0.00024000,15.77747760,1772435426784936,True,True
395339876,65737.82000000,0.00200000,131.47564000,1772435664536199,False,True
395339877,65784.05000000,0.00200000,131.56810000,1772435739798732,False,True
395339878,65822.69000000,0.00200000,131.64538000,1772435810849542,True,True
395339879,65652.65000000,0.00200000,131.30530000,1772435990876727,True,True
395339880,65689.07000000,0.00200000,131.37814000,1772436135562099,True,True
395339881,65872.37000000,0.00425000,279.95757250,1772436352461337,False,True
395339882,65871.26000000,0.00200000,131.74252000,1772436441435772,False,True
395339883,65895.51000000,0.00200000,131.79102000,1772436582303036,True,True
395339884,65883.75000000,0.00200000,131.76750000,1772436663964713,False,True
395339885,66025.32000000,0.00200000,132.05064000,1772437192432972,False,True
395339886,66007.78000000,0.00010000,6.60077800,1772437570537945,True,True
395339887,66026.46000000,0.00200000,132.05292000,1772438092331082,True,True
395339888,66064.31000000,0.00010000,6.60643100,1772438099458236,False,True
395339889,66064.17000000,0.02000000,1321.28340000,1772438395969084,False,True
395339890,66078.35000000,0.00200000,132.15670000,1772438406115794,True,True
395339891,65917.50000000,0.00112000,73.82760000,1772438538259090,True,True
395339892,65917.50000000,0.00088000,58.00740000,1772438538332136,True,True
395339893,65780.15000000,0.02153000,1416.24662950,1772439145808934,True,True
395339894,65958.62000000,0.00200000,131.91724000,1772439459489513,False,True
395339895,65965.25000000,0.00135000,89.05308750,1772439762896170,True,True
395339896,65884.23000000,0.00369000,243.11280870,1772439805025427,True,True
395339897,65906.90000000,0.00200000,131.81380000,1772440385959593,False,True
395339898,65911.59000000,0.00200000,131.82318000,1772440471435309,True,True
395339899,65973.49000000,0.00200000,131.94698000,1772440772477507,True,True
395339900,66329.69000000,0.00200000,132.65938000,1772441448797309,False,True
395339901,66303.03000000,0.00200000,132.60606000,1772441763997045,False,True
395339902,66352.70000000,0.00200000,132.70540000,1772441982828966,False,True
395339903,66364.82000000,0.00200000,132.72964000,1772442058195029,False,True
395339904,66369.37000000,0.00200000,132.73874000,1772442262310979,True,True
395339905,66494.47000000,0.00200000,132.98894000,1772442753269235,False,True
395339906,66555.48000000,0.00200000,133.11096000,1772443002788156,True,True
395339907,66651.64000000,0.02000000,1333.03280000,1772443127772286,False,True
395339908,66737.28000000,0.00200000,133.47456000,1772443374052551,False,True
395339909,66495.79000000,0.00200000,132.99158000,1772443688340969,True,True
395339910,66495.46000000,0.00200000,132.99092000,1772443796217418,True,True
395339911,66574.73000000,0.00200000,133.14946000,1772443951603657,True,True
395339912,66578.43000000,0.00200000,133.15686000,1772444329554579,True,True
395339913,66428.07000000,0.00200000,132.85614000,1772444423303843,False,True
395339914,66380.63000000,0.00200000,132.76126000,1772445303590273,True,True
395339915,66229.42000000,0.00200000,132.45884000,1772445684921771,True,True
395339916,66428.16000000,0.00200000,132.85632000,1772445776549279,True,True
395339917,66406.73000000,0.00200000,132.81346000,1772445932805918,True,True
395339918,66379.75000000,0.00200000,132.75950000,1772445993996399,False,True
395339919,66212.03000000,0.00200000,132.42406000,1772446399455534,True,True
395339920,66234.90000000,0.00200000,132.46980000,1772446713219575,True,True
395339921,66271.28000000,0.00200000,132.54256000,1772447052266406,True,True
395339922,66340.27000000,0.00200000,132.68054000,1772447654439551,True,True
395339923,66336.37000000,0.00200000,132.67274000,1772447694538806,False,True
395339924,66336.55000000,0.02000000,1326.73100000,1772447694573942,False,True
395339925,66338.11000000,0.00200000,132.67622000,1772448295874553,False,True
395339926,66323.06000000,0.00200000,132.64612000,1772448643102334,True,True
395339927,66362.12000000,0.00200000,132.72424000,1772449186542011,False,True
395339928,66341.98000000,0.00200000,132.68396000,1772449433940711,True,True
395339929,66306.49000000,0.00200000,132.61298000,1772449482709632,True,True
395339930,66337.59000000,0.00200000,132.67518000,1772449530592155,True,True
395339931,66230.57000000,0.00200000,132.46114000,1772449970380129,True,True
395339932,66255.97000000,0.00200000,132.51194000,1772450051369517,True,True
395339933,66192.72000000,0.00200000,132.38544000,1772450103408593,False,True
395339934,66192.37000000,0.00200000,132.38474000,1772450185046168,True,True
395339935,66140.34000000,0.00200000,132.28068000,1772450262329736,True,True
395339936,66174.13000000,0.00200000,132.34826000,1772450389939317,False,True
395339937,66158.58000000,0.00200000,132.31716000,1772450996389904,True,True
395339938,66476.99000000,0.00200000,132.95398000,1772451974787106,False,True
395339939,66451.42000000,0.00200000,132.90284000,1772452393542916,True,True
395339940,66352.69000000,0.00200000,132.70538000,1772452515325673,False,True
395339941,66440.32000000,0.00200000,132.88064000,1772452809598450,True,True
395339942,66417.77000000,0.00200000,132.83554000,1772453080300048,False,True
395339943,66305.75000000,0.00200000,132.61150000,1772454041640101,True,True
395339944,66289.41000000,0.00200000,132.57882000,1772454107324878,True,True
395339945,66189.28000000,0.00200000,132.37856000,1772454170279388,True,True
395339946,66165.37000000,0.00200000,132.33074000,1772454706583620,True,True
395339947,66078.07000000,0.00200000,132.15614000,1772455357600472,True,True
395339948,66076.50000000,0.02079000,1373.73043500,1772455357716967,True,True
395339949,66028.62000000,0.02069000,1366.13214780,1772455536023244,True,True
395339950,66032.75000000,0.00200000,132.06550000,1772455587318288,True,True
395339951,66021.72000000,0.00109000,71.96367480,1772455587334787,True,True
395339952,66021.72000000,0.00112000,73.94432640,1772455587383004,True,True
395339953,66021.72000000,0.00112000,73.94432640,1772455587442742,True,True
395339954,66021.72000000,0.00140000,92.43040800,1772455587518485,True,True
395339955,66021.72000000,0.00071000,46.87542120,1772455587531370,True,True
395339956,66021.72000000,0.00040000,26.40868800,1772455587537148,True,True
395339957,66021.72000000,0.00040000,26.40868800,1772455587549938,True,True
395339958,66021.72000000,0.00040000,26.40868800,1772455587552007,True,True
395339959,66021.72000000,0.00080000,52.81737600,1772455587563197,True,True
395339960,65988.66000000,0.02038000,1344.84889080,1772456596208410,True,True
395339961,65949.12000000,0.00014000,9.23287680,1772456596222125,True,True
395339962,65949.12000000,0.00014000,9.23287680,1772456596223108,True,True
395339963,65976.84000000,0.02007000,1324.15517880,1772456596418911,True,True
395339964,65997.38000000,0.00200000,131.99476000,1772456602590391,False,True
395339965,65983.31000000,0.00200000,131.96662000,1772456675315157,False,True
395339966,65949.13000000,0.02049000,1351.29767370,1772456706160435,True,True
395339967,65949.12000000,0.19478000,12845.56959360,1772456706160435,True,True
395339968,65949.12000000,0.04549000,3000.02546880,1772456706455242,True,True
395339969,65949.12000000,0.04549000,3000.02546880,1772456706601603,True,True
395339970,65949.12000000,0.01470000,969.45206400,1772456706665741,True,True
395339971,65949.12000000,0.01793000,1182.46772160,1772456706677898,True,True
395339972,65923.84000000,0.00200000,131.84768000,1772457002251981,False,True
395339973,65946.95000000,0.00200000,131.89390000,1772457379095474,False,True
395339974,66106.07000000,0.00200000,132.21214000,1772457715368092,False,True
395339975,66139.17000000,0.00200000,132.27834000,1772457808932974,False,True
395339976,66144.07000000,0.00134000,88.63305380,1772457918813474,False,True
395339977,66144.07000000,0.00066000,43.65508620,1772457918813541,False,True
395339978,65885.18000000,0.00200000,131.77036000,1772458112831298,False,True
395339979,65874.48000000,0.00200000,131.74896000,1772458197697420,False,True
395339980,65817.50000000,0.02056000,1353.20780000,1772458264614973,True,True
395339981,65817.49000000,0.00089000,58.57756610,1772458264645041,True,True
395339982,65817.49000000,0.00089000,58.57756610,1772458264645143,True,True
395339983,65817.49000000,0.00089000,58.57756610,1772458264645542,True,True
395339984,65817.49000000,0.00089000,58.57756610,1772458264646353,True,True
395339985,65817.49000000,0.00089000,58.57756610,1772458264647791,True,True
395339986,65817.49000000,0.00233000,153.35475170,1772458264693929,True,True
395339987,65817.49000000,0.04556000,2998.64484440,1772458264780605,True,True
395339988,65817.49000000,0.00150000,98.72623500,1772458264784043,True,True
395339989,65817.49000000,0.01146000,754.26843540,1772458264784047,True,True
395339990,65817.49000000,0.00150000,98.72623500,1772458264805851,True,True
395339991,65817.49000000,0.08160000,5370.70718400,1772458264850605,True,True
395339992,65817.49000000,0.04556000,2998.64484440,1772458264865742,True,True
395339993,65950.18000000,0.00200000,131.90036000,1772458299573322,False,True
395339994,65969.70000000,0.00200000,131.93940000,1772458602752469,False,True
395339995,65817.49000000,0.04557000,2999.30301930,1772458797119753,True,True
395339996,65817.49000000,0.02727000,1794.84295230,1772458797127929,True,True
395339997,65850.05000000,0.00200000,131.70010000,1772458804238948,False,True
395339998,65817.51000000,0.00723000,475.86059730,1772458857920844,True,True
395339999,65817.51000000,0.00879000,578.53591290,1772458858002954,True,True
395340000,65817.51000000,0.00475000,312.63317250,1772458858003613,True,True
395340001,65817.49000000,0.00246000,161.91102540,1772458858003613,True,True
395340002,65817.49000000,0.00150000,98.72623500,1772458858033980,True,True
395340003,65817.49000000,0.00120000,78.98098800,1772458858092602,True,True
395340004,65817.49000000,0.00720000,473.88592800,1772458858120765,True,True
395340005,65817.49000000,0.00066000,43.43954340,1772458858147556,True,True
395340006,65817.49000000,0.00140000,92.14448600,1772458858147843,True,True
395340007,65817.49000000,0.00320000,210.61596800,1772458858148409,True,True
395340008,65817.49000000,0.00120000,78.98098800,1772458858148689,True,True
395340009,65817.49000000,0.00080000,52.65399200,1772458858149054,True,True
395340010,65817.49000000,0.00140000,92.14448600,1772458858149084,True,True
395340011,65817.49000000,0.00060000,39.49049400,1772458858149551,True,True
395340012,65817.49000000,0.00720000,473.88592800,1772458858150576,True,True
395340013,65817.49000000,0.01333000,877.34714170,1772458858200916,True,True
395340014,65817.49000000,0.00120000,78.98098800,1772458858204474,True,True
395340015,65817.49000000,0.00320000,210.61596800,1772458858207397,True,True
395340016,65817.49000000,0.00595000,391.61406550,1772458858207702,True,True
395340017,65815.79000000,0.02090000,1375.55001100,1772458858634842,True,True
395340018,65686.18000000,0.00151000,99.18613180,1772458858831793,True,True
395340019,65686.12000000,0.00134000,88.01940080,1772458858956365,True,True
395340020,65686.12000000,0.00134000,88.01940080,1772458858956490,True,True
395340021,65686.12000000,0.00134000,88.01940080,1772458858956497,True,True
395340022,65686.12000000,0.00134000,88.01940080,1772458858956702,True,True
395340023,65686.12000000,0.00134000,88.01940080,1772458858956713,True,True
395340024,65686.12000000,0.00134000,88.01940080,1772458858956728,True,True
395340025,65686.12000000,0.04557000,2993.31648840,1772458858957205,True,True
395340026,65751.83000000,0.00200000,131.50366000,1772458859035314,True,True
395340027,65686.12000000,0.00134000,88.01940080,1772458859036868,True,True
395340028,65686.13000000,0.00280000,183.92116400,1772458867977312,True,True
395340029,65686.12000000,0.18982000,12468.53929840,1772458868028136,True,True
395340030,65686.12000000,0.07516000,4936.96877920,1772458868078804,True,True
395340031,65686.12000000,0.00001000,0.65686120,1772458868089462,True,True
395340032,65561.16000000,0.00075000,49.17087000,1772458868104311,True,True
395340033,65561.14000000,0.00015000,9.83417100,1772458868104311,True,True
395340034,65561.14000000,0.00090000,59.00502600,1772458868105162,True,True
395340035,65670.08000000,0.00200000,131.34016000,1772458904622073,False,True
395340036,65591.02000000,0.00200000,131.18204000,1772459357438800,False,True
395340037,65555.02000000,0.00280000,183.55405600,1772459421782952,True,True
395340038,65555.01000000,0.04578000,3001.10835780,1772459421797540,True,True
395340039,65555.01000000,0.04578000,3001.10835780,1772459421805687,True,True
395340040,65555.01000000,0.04578000,3001.10835780,1772459421813114,True,True
395340041,65555.01000000,0.04578000,3001.10835780,1772459421820646,True,True
395340042,65555.01000000,0.04578000,3001.10835780,1772459421828097,True,True
395340043,65555.01000000,0.04578000,3001.10835780,1772459421835128,True,True
395340044,65555.01000000,0.04578000,3001.10835780,1772459421842695,True,True
395340045,65555.01000000,0.00012000,7.86660120,1772459443110652,True,True
395340046,65526.67000000,0.00416000,272.59094720,1772459473829102,False,True
395340047,65526.67000000,0.00135000,88.46100450,1772459473829102,False,True
395340048,65526.68000000,0.00009000,5.89740120,1772459473829102,False,True
395340049,65526.68000000,0.00560000,366.94940800,1772459473829288,False,True
395340050,65526.68000000,0.00560000,366.94940800,1772459473829357,False,True
395340051,65526.68000000,0.00560000,366.94940800,1772459473829365,False,True
395340052,65526.68000000,0.00311000,203.78797480,1772459473829385,False,True
395340053,65548.05000000,0.00249000,163.21464450,1772459473829385,False,True
395340054,65548.05000000,0.00133000,87.17890650,1772459473829444,False,True
395340055,65548.05000000,0.00034000,22.28633700,1772459473829468,False,True
395340056,65555.28000000,0.00152000,99.64402560,1772459473829468,False,True
395340057,65567.85000000,0.00205000,134.41409250,1772459473829468,False,True
395340058,65590.55000000,0.00152000,99.69763600,1772459473829468,False,True
395340059,65621.76000000,0.00017000,11.15569920,1772459473829468,False,True
395340060,65621.76000000,0.00135000,88.58937600,1772459473829489,False,True
395340061,65635.35000000,0.00152000,99.76573200,1772459473829489,False,True
395340062,65526.22000000,0.00133000,87.14987260,1772459473831051,False,True
395340063,65526.22000000,0.00033000,21.62365260,1772459473831518,False,True
395340064,65590.54000000,0.00152000,99.69762080,1772459473831518,False,True
395340065,65621.75000000,0.00152000,99.74506000,1772459473831518,False,True
395340066,65424.16000000,0.01529000,1000.33540640,1772459550231384,False,True
395340067,65424.16000000,0.01529000,1000.33540640,1772459550231427,False,True
395340068,65424.16000000,0.01529000,1000.33540640,1772459550231656,False,True
395340069,65424.16000000,0.01529000,1000.33540640,1772459550231773,False,True
395340070,65424.16000000,0.00563000,368.33802080,1772459550232139,False,True
395340071,65424.16000000,0.37866000,24773.51242560,1772459550232186,False,True
395340072,65424.16000000,0.01529000,1000.33540640,1772459550232609,False,True
395340073,65424.16000000,0.03257000,2130.86489120,1772459550232683,False,True
395340074,65424.16000000,0.01529000,1000.33540640,1772459550232937,False,True
395340075,65424.16000000,0.01529000,1000.33540640,1772459550233546,False,True
395340076,65424.16000000,0.01529000,1000.33540640,1772459550233632,False,True
395340077,65424.16000000,0.04589000,3002.31470240,1772459550233710,False,True
395340078,65424.16000000,0.03727000,2438.35844320,1772459550234080,False,True
395340079,65424.16000000,0.00563000,368.33802080,1772459550234337,False,True
395340080,65424.16000000,0.01447000,946.68759520,1772459550234989,False,True
395340081,65567.28000000,0.00200000,131.13456000,1772459952976701,True,True
395340082,65548.87000000,0.00200000,131.09774000,1772459993049817,True,True
395340083,65497.73000000,0.00200000,130.99546000,1772460057962126,False,True
395340084,65500.56000000,0.02000000,1310.01120000,1772460058048618,False,True
395340085,65492.13000000,0.00200000,130.98426000,1772460300939207,False,True
395340086,65552.21000000,0.00200000,131.10442000,1772461193522962,False,True
395340087,65581.57000000,0.00200000,131.16314000,1772461336156869,False,True
395340088,65547.07000000,0.00200000,131.09414000,1772461498376725,False,True
395340089,65641.25000000,0.00200000,131.28250000,1772461544642231,False,True
395340090,65570.32000000,0.00200000,131.14064000,1772461681321896,False,True
395340091,65686.12000000,0.02155000,1415.53588600,1772461693086126,False,True
395340092,65686.12000000,0.03165000,2078.96569800,1772461694356457,False,True
395340093,65686.12000000,0.00561000,368.49913320,1772461694359323,False,True
395340094,65686.12000000,0.04759000,3126.00245080,1772461694360659,False,True
395340095,65686.12000000,0.00561000,368.49913320,1772461694364206,False,True
395340096,65686.12000000,0.00561000,368.49913320,1772461694370209,False,True
395340097,65686.12000000,0.04583000,3010.39487960,1772461694375580,False,True
395340098,65686.12000000,0.04025000,2643.86633000,1772461694383836,False,True
395340099,65686.12000000,0.03559000,2337.76901080,1772461694398219,False,True
395340100,65686.12000000,0.06905000,4535.62658600,1772461694400330,False,True
395340101,65686.12000000,0.01160000,761.95899200,1772461695820493,False,True
395340102,65699.56000000,0.00200000,131.39912000,1772461802998037,False,True
395340103,65817.49000000,0.01529000,1006.34942210,1772461861836322,False,True
395340104,65817.49000000,0.00133000,87.53726170,1772461861838731,False,True
395340105,65817.49000000,0.00559000,367.91976910,1772461861843704,False,True
395340106,65817.49000000,0.00559000,367.91976910,1772461861847370,False,True
395340107,65817.49000000,0.01397000,919.47033530,1772461861851083,False,True
395340108,65817.49000000,0.04583000,3016.41556670,1772461861864973,False,True
395340109,65817.49000000,0.04583000,3016.41556670,1772461861878572,False,True
395340110,65817.49000000,0.00559000,367.91976910,1772461861889008,False,True
395340111,65817.49000000,0.00559000,367.91976910,1772461861892818,False,True
395340112,65817.49000000,0.04583000,3016.41556670,1772461861895091,False,True
395340113,65817.49000000,0.00559000,367.91976910,1772461861896639,False,True
395340114,65817.49000000,0.00559000,367.91976910,1772461861900222,False,True
395340115,65817.49000000,0.00559000,367.91976910,1772461861903414,False,True
395340116,65817.49000000,0.04583000,3016.41556670,1772461861903578,False,True
395340117,65817.49000000,0.00559000,367.91976910,1772461861907402,False,True
395340118,65817.49000000,0.04583000,3016.41556670,1772461861909716,False,True
395340119,65817.49000000,0.00559000,367.91976910,1772461861910350,False,True
395340120,65817.49000000,0.00559000,367.91976910,1772461861912589,False,True
395340121,65817.49000000,0.04583000,3016.41556670,1772461861918034,False,True
395340122,65817.49000000,0.04583000,3016.41556670,1772461861924618,False,True
395340123,65817.49000000,0.03579000,2355.60796710,1772461861942365,False,True
395340124,65817.49000000,0.04009000,2638.62317410,1772461862394959,False,True
395340125,65817.49000000,0.00559000,367.91976910,1772461862398687,False,True
395340126,65817.49000000,0.00559000,367.91976910,1772461862403591,False,True
395340127,65817.49000000,0.01837000,1209.06729130,1772461862407361,False,True
395340128,65817.49000000,0.02897000,1906.73268530,1772461862408343,False,True
395340129,65817.49000000,0.00879000,578.53573710,1772461862415070,False,True
395340130,65817.49000000,0.01681000,1106.39200690,1772461862789300,False,True
395340131,65817.49000000,0.00160000,105.30798400,1772461862794674,False,True
395340132,65817.49000000,0.00229000,150.72205210,1772461862798933,False,True
395340133,65817.49000000,0.00034000,22.37794660,1772461863251859,False,True
395340134,65817.49000000,0.01437000,945.79733130,1772461864033703,False,True
395340135,65817.49000000,0.01520000,1000.42584800,1772461864264984,False,True
395340136,65817.49000000,0.00133000,87.53726170,1772461864266057,False,True
395340137,65817.49000000,0.00559000,367.91976910,1772461864269064,False,True
395340138,65817.49000000,0.01136000,747.68668640,1772461864271419,False,True
395340139,65817.49000000,0.00559000,367.91976910,1772461864391466,False,True
395340140,65817.49000000,0.00759000,499.55474910,1772461864392315,False,True
395340141,65817.49000000,0.00604000,397.53763960,1772461864392612,False,True
395340142,65827.86000000,0.00559000,367.97773740,1772461864396432,False,True
395340143,65827.86000000,0.01441000,948.57946260,1772461864474394,False,True
395340144,65892.44000000,0.00200000,131.78488000,1772461881106987,False,True
395340145,65949.12000000,0.04583000,3022.44816960,1772461903275669,False,True
395340146,65949.12000000,0.01515000,999.12916800,1772461903340207,False,True
395340147,65949.12000000,0.00594000,391.73777280,1772461903355201,False,True
395340148,65949.12000000,0.01515000,999.12916800,1772461903355208,False,True
395340149,65949.12000000,0.01515000,999.12916800,1772461903367302,False,True
395340150,65949.12000000,0.01515000,999.12916800,1772461903367317,False,True
395340151,65949.12000000,0.04583000,3022.44816960,1772461903404897,False,True
395340152,65949.12000000,0.00416000,274.34833920,1772461903420562,False,True
395340153,65949.12000000,0.04547000,2998.70648640,1772461903444654,False,True
395340154,65949.12000000,0.04547000,2998.70648640,1772461903478799,False,True
395340155,65949.12000000,0.00594000,391.73777280,1772461903478800,False,True
395340156,65949.12000000,0.04547000,2998.70648640,1772461903479086,False,True
395340157,65949.12000000,0.00416000,274.34833920,1772461903500616,False,True
395340158,65949.12000000,0.04547000,2998.70648640,1772461903509318,False,True
395340159,65949.12000000,0.04224000,2785.69082880,1772461903520093,False,True
395340160,65949.12000000,0.04583000,3022.44816960,1772461903525275,False,True
395340161,65949.12000000,0.04547000,2998.70648640,1772461903526733,False,True
395340162,65949.12000000,0.04547000,2998.70648640,1772461903526853,False,True
395340163,65949.12000000,0.00583000,384.48336960,1772461903546067,False,True
395340164,65949.12000000,0.04547000,2998.70648640,1772461903559142,False,True
395340165,65949.12000000,0.03735000,2463.19963200,1772461903559398,False,True
395340166,65949.12000000,0.01534000,1011.65950080,1772461903590801,False,True
395340167,65929.28000000,0.00604000,398.21285120,1772461958619944,False,True
395340168,65969.87000000,0.00593000,391.20132910,1772461972100248,False,True
395340169,65969.87000000,0.00593000,391.20132910,1772461972100750,False,True
395340170,65969.87000000,0.00702000,463.10848740,1772461972101753,False,True
395340171,65969.87000000,0.00036000,23.74915320,1772461972101804,False,True
395340172,65969.87000000,0.00076000,50.13710120,1772461972101926,False,True
395340173,65966.22000000,0.00083000,54.75196260,1772461972452565,False,True
395340174,65967.99000000,0.00052000,34.30335480,1772461972452565,False,True
395340175,65967.99000000,0.00099000,65.30831010,1772461972452656,False,True
395340176,65967.99000000,0.00035000,23.08879650,1772461972452656,False,True
395340177,65967.99000000,0.00490000,323.24315100,1772461972453142,False,True
395340178,65967.99000000,0.00593000,391.19018070,1772461972453817,False,True
395340179,65967.99000000,0.00882000,581.83767180,1772461972454028,False,True
395340180,65964.76000000,0.00083000,54.75075080,1772461973047664,False,True
395340181,65966.47000000,0.00051000,33.64289970,1772461973047664,False,True
395340182,65966.47000000,0.00135000,89.05473450,1772461973047781,False,True
395340183,65966.47000000,0.00094000,62.00848180,1772461973048457,False,True
395340184,65966.48000000,0.00401000,264.52558480,1772461973048457,False,True
395340185,65966.48000000,0.00113000,74.54212240,1772461973049131,False,True
395340186,65966.48000000,0.00113000,74.54212240,1772461973049256,False,True
395340187,65966.48000000,0.00046000,30.34458080,1772461973049522,False,True
395340188,65966.48000000,0.00046000,30.34458080,1772461973049601,False,True
395340189,65966.48000000,0.00134000,88.39508320,1772461973049828,False,True
395340190,65966.48000000,0.00164000,108.18502720,1772461973050678,False,True
395340191,65966.48000000,0.00059000,38.92022320,1772461973052512,False,True
395340192,65966.48000000,0.00256000,168.87418880,1772461973053417,False,True
395340193,65966.48000000,0.00407000,268.48357360,1772461973053844,False,True
395340194,65966.48000000,0.00261000,172.17251280,1772461973054346,False,True
395340195,66032.45000000,0.00150000,99.04867500,1772461973161842,True,True
395340196,65978.99000000,0.00455000,300.20440450,1772461984968164,True,True
395340197,65977.21000000,0.00151000,99.62558710,1772461984968164,True,True
395340198,65977.20000000,0.00200000,131.95440000,1772461984968164,True,True
395340199,66080.90000000,0.00036000,23.78912400,1772461990933714,False,True
395340200,66080.90000000,0.00140000,92.51326000,1772461990935467,False,True
395340201,66080.90000000,0.00140000,92.51326000,1772461990935510,False,True
395340202,66080.90000000,0.00004000,2.64323600,1772461990935595,False,True
395340203,66080.91000000,0.00136000,89.87003760,1772461990935595,False,True
395340204,66080.91000000,0.00140000,92.51327400,1772461990935656,False,True
395340205,66080.91000000,0.01513000,999.80416830,1772461990938179,False,True
395340206,66080.91000000,0.00211000,139.43072010,1772461990938224,False,True
395340207,66081.01000000,0.00320000,211.45923200,1772461990938224,False,True
395340208,66081.02000000,0.00982000,648.91561640,1772461990938224,False,True
395340209,66081.02000000,0.01513000,999.80583260,1772461990938332,False,True
395340210,66081.02000000,0.01513000,999.80583260,1772461990939296,False,True
395340211,66081.02000000,0.01513000,999.80583260,1772461990940756,False,True
395340212,66081.02000000,0.00794000,524.68329880,1772461990941306,False,True
395340213,66081.02000000,0.01513000,999.80583260,1772461990942141,False,True
395340214,66081.02000000,0.01513000,999.80583260,1772461990942164,False,True
395340215,66081.02000000,0.01513000,999.80583260,1772461990942332,False,True
395340216,66081.02000000,0.00072000,47.57833440,1772461990942678,False,True
395340217,66081.02000000,0.04540000,3000.07830800,1772461990943479,False,True
395340218,66081.02000000,0.03641000,2406.00993820,1772461990943537,False,True
395340219,66081.02000000,0.00034000,22.46754680,1772461990944016,False,True
395340220,66081.02000000,0.01513000,999.80583260,1772461990944167,False,True
395340221,66081.02000000,0.00334000,220.71060680,1772461990944641,False,True
395340222,66081.02000000,0.01513000,999.80583260,1772461990944934,False,True
395340223,66081.02000000,0.01513000,999.80583260,1772461990945832,False,True
395340224,66081.02000000,0.02703000,1786.16997060,1772461990946512,False,True
395340225,66081.02000000,0.02324000,1535.72290480,1772461990947502,False,True
395340226,66081.02000000,0.00030000,19.82430600,1772461990948168,False,True
395340227,66081.02000000,0.00808000,533.93464160,1772461990948274,False,True
395340228,66081.02000000,0.01924000,1271.39882480,1772461990948887,False,True
395340229,66081.01000000,0.00074000,48.89994740,1772461990980669,False,True
395340230,66081.01000000,0.01513000,999.80568130,1772461990980844,False,True
395340231,66081.01000000,0.00411000,271.59295110,1772461990984264,False,True
395340232,66070.88000000,0.00504000,332.99723520,1772462050940513,True,True
395340233,66070.87000000,0.00634000,418.88931580,1772462050945970,True,True
395340234,66070.88000000,0.00073000,48.23174240,1772462050950651,True,True
395340235,66070.88000000,0.00363000,239.83729440,1772462050957101,True,True
395340236,66070.88000000,0.00436000,288.06903680,1772462050965992,True,True
395340237,65941.36000000,0.00111000,73.19490960,1772462053553580,True,True
395340238,65936.37000000,0.00111000,73.18937070,1772462053553842,True,True
395340239,65936.37000000,0.00639000,421.33340430,1772462053553849,True,True
395340240,65936.36000000,0.00128000,84.39854080,1772462053553849,True,True
395340241,65936.36000000,0.00767000,505.73188120,1772462053554072,True,True
395340242,65936.36000000,0.00546000,360.01252560,1772462053555392,True,True
395340243,65936.36000000,0.00546000,360.01252560,1772462053555403,True,True
395340244,65936.36000000,0.00111000,73.18935960,1772462053556382,True,True
395340245,65938.09000000,0.00132000,87.03827880,1772462053557350,True,True
395340246,66198.85000000,0.00764000,505.75921400,1772462056487679,False,True
395340247,66198.85000000,0.00555000,367.40361750,1772462056491342,False,True
395340248,66198.85000000,0.00211000,139.67957350,1772462056502434,False,True
395340249,66198.85000000,0.00470000,311.13459500,1772462056522256,False,True
395340250,66207.15000000,0.00143000,94.67622450,1772462056620060,False,True
395340251,66207.15000000,0.01857000,1229.46677550,1772462056627690,False,True
395340252,66205.35000000,0.02000000,1324.10700000,1772462060722512,False,True
395340253,66213.17000000,0.00320000,211.88214400,1772462061634018,False,True
395340254,66213.18000000,0.04539000,3005.41624020,1772462061646688,False,True
395340255,66213.18000000,0.04539000,3005.41624020,1772462061653679,False,True
395340256,66213.18000000,0.04215000,2790.88553700,1772462061660566,False,True
395340257,66125.77000000,0.00200000,132.25154000,1772462068799490,False,True
395340258,66213.17000000,0.00320000,211.88214400,1772462080412533,False,True
395340259,66213.18000000,0.18254000,12086.55387720,1772462080431646,False,True
395340260,66213.18000000,0.00067000,44.36283060,1772462080442214,False,True
395340261,66213.18000000,0.00126000,83.42860680,1772462080673150,False,True
395340262,66111.65000000,0.00132000,87.26737800,1772462124810238,True,True
395340263,66111.65000000,0.00068000,44.95592200,1772462124820688,True,True
395340264,66107.80000000,0.00199000,131.55452200,1772462215204180,True,True
395340265,66107.80000000,0.00001000,0.66107800,1772462215204590,True,True
395340266,66104.54000000,0.00199000,131.54803460,1772462267894492,True,True
395340267,66104.54000000,0.00001000,0.66104540,1772462267894636,True,True
395340268,66208.92000000,0.00200000,132.41784000,1772462336218008,False,True
395340269,66268.77000000,0.00200000,132.53754000,1772462448270757,True,True
395340270,66297.23000000,0.00200000,132.59446000,1772462507585465,True,True
395340271,66409.87000000,0.00200000,132.81974000,1772462588835780,True,True
395340272,66558.19000000,0.00200000,133.11638000,1772462729492858,True,True
395340273,66593.25000000,0.00200000,133.18650000,1772462848746728,False,True
395340274,66994.42000000,0.00345000,231.13074900,1772462989491098,False,True
395340275,66994.42000000,0.00689000,461.59155380,1772462989491098,False,True
395340276,66900.93000000,0.00198000,132.46384140,1772463003634304,True,True
395340277,66900.93000000,0.00002000,1.33801860,1772463003634548,True,True
395340278,66999.99000000,0.00320000,214.39996800,1772463032190167,False,True
395340279,67000.00000000,0.00015000,10.05000000,1772463032196447,False,True
395340280,67131.42000000,0.00200000,134.26284000,1772463057329907,True,True
395340281,67083.96000000,0.00176000,118.06776960,1772463090662162,False,True
395340282,66972.26000000,0.00199000,133.27479740,1772463203314370,True,True
395340283,66972.26000000,0.00001000,0.66972260,1772463203314719,True,True
395340284,66979.15000000,0.00200000,133.95830000,1772463251194132,False,True
395340285,66976.45000000,0.00200000,133.95290000,1772463337068577,False,True
395340286,66964.24000000,0.00200000,133.92848000,1772463371521933,False,True
395340287,66920.21000000,0.00200000,133.84042000,1772463466322822,False,True
395340288,66946.57000000,0.00200000,133.89314000,1772463498378544,False,True
395340289,67010.68000000,0.00168000,112.57794240,1772463538716369,False,True
395340290,67089.29000000,0.00200000,134.17858000,1772463600337243,True,True
395340291,67304.87000000,0.00200000,134.60974000,1772463729568446,False,True
395340292,67392.24000000,0.00088000,59.30517120,1772464027887792,False,True
395340293,67448.50000000,0.00200000,134.89700000,1772464038323996,True,True
395340294,67726.85000000,0.00199000,134.77643150,1772464159283862,True,True
395340295,67726.85000000,0.00001000,0.67726850,1772464159283885,True,True
395340296,68000.00000000,0.00015000,10.20000000,1772464366461109,False,True
395340297,68041.21000000,0.02000000,1360.82420000,1772464366517716,False,True
395340298,68282.85000000,0.00020000,13.65657000,1772464483736015,False,True
395340299,68288.57000000,0.00042000,28.68119940,1772464483799027,False,True
395340300,68456.00000000,0.00300000,205.36800000,1772464524743303,False,True
395340301,68370.91000000,0.00200000,136.74182000,1772464637901160,False,True
395340302,68389.90000000,0.00198000,135.41200200,1772464711637032,True,True
395340303,68389.90000000,0.00002000,1.36779800,1772464711637071,True,True
395340304,68257.53000000,0.00200000,136.51506000,1772464784061923,False,True
395340305,68625.28000000,0.00200000,137.25056000,1772464889719500,True,True
395340306,68563.37000000,0.00200000,137.12674000,1772464925075990,False,True
395340307,68501.51000000,0.00200000,137.00302000,1772464978871442,True,True
395340308,68575.58000000,0.00200000,137.15116000,1772465014081424,False,True
395340309,68381.40000000,0.00115000,78.63861000,1772465069922097,False,True
395340310,68567.73000000,0.01316000,902.35132680,1772465095646960,False,True
395340311,68568.12000000,0.00200000,137.13624000,1772465196075509,True,True
395340312,68581.71000000,0.00200000,137.16342000,1772465255858795,True,True
395340313,68608.76000000,0.00200000,137.21752000,1772465290270453,True,True
395340314,68550.22000000,0.00489000,335.21057580,1772465449837102,True,True
395340315,68545.08000000,0.02141000,1467.55016280,1772465449837102,True,True
395340316,68542.18000000,0.00145000,99.38616100,1772465449837102,True,True
395340317,68531.60000000,0.00200000,137.06320000,1772465449837102,True,True
395340318,68531.59000000,0.00145000,99.37080550,1772465449837102,True,True
395340319,68443.95000000,0.00145000,99.24372750,1772465449837102,True,True
395340320,68359.67000000,0.00146000,99.80511820,1772465449837102,True,True
395340321,68311.62000000,0.00495000,338.14251900,1772465449837102,True,True
395340322,68311.62000000,0.00493000,336.77628660,1772465449837102,True,True
395340323,68311.61000000,0.00146000,99.73495060,1772465449837102,True,True
395340324,68272.16000000,0.00197000,134.49615520,1772465449837102,True,True
395340325,68272.14000000,0.00146000,99.67732440,1772465449837102,True,True
395340326,68237.60000000,0.00146000,99.62689600,1772465449837102,True,True
395340327,68207.57000000,0.00146000,99.58305220,1772465449837102,True,True
395340328,68166.21000000,0.00020000,13.63324200,1772465449837102,True,True
395340329,68405.04000000,0.00086000,58.82833440,1772465480999873,True,True
395340330,68540.49000000,0.00145000,99.38371050,1772465627185105,True,True
395340331,68681.14000000,0.00508000,348.90019120,1772465669396082,False,True
395340332,68811.83000000,0.00200000,137.62366000,1772465696639701,True,True
395340333,68755.98000000,0.00231000,158.82631380,1772465696639701,True,True
395340334,68909.74000000,0.00200000,137.81948000,1772465756167836,True,True
395340335,68995.36000000,0.00531000,366.36536160,1772465771645455,False,True
395340336,68995.36000000,0.00359000,247.69334240,1772465772534186,False,True
395340337,69000.00000000,0.00015000,10.35000000,1772465772538620,False,True
395340338,69031.19000000,0.00011000,7.59343090,1772465779306947,False,True
395340339,69031.19000000,0.00351000,242.29947690,1772465779316023,True,True
395340340,69043.14000000,0.00200000,138.08628000,1772465816031665,True,True
395340341,69155.36000000,0.00200000,138.31072000,1772465861268527,False,True
395340342,69236.96000000,0.00036000,24.92530560,1772465917127654,False,True
395340343,69311.62000000,0.00200000,138.62324000,1772465968623458,False,True
395340344,69315.07000000,0.00200000,138.63014000,1772466010739766,True,True
395340345,69278.37000000,0.00200000,138.55674000,1772466132723621,False,True
395340346,69367.30000000,0.00200000,138.73460000,1772466181664551,False,True
395340347,69499.99000000,0.00080000,55.59999200,1772466416144651,False,True
395340348,69499.99000000,0.00200000,138.99998000,1772466416144651,False,True
395340349,69500.00000000,0.00016000,11.12000000,1772466416194166,False,True
395340350,69500.00000000,0.00091000,63.24500000,1772466416212981,False,True
395340351,69518.23000000,0.00046000,31.97838580,1772466432936532,False,True
395340352,68888.15000000,0.00200000,137.77630000,1772466838966050,True,True
395340353,68785.01000000,0.00200000,137.57002000,1772466870584437,False,True
395340354,68783.01000000,0.00658000,452.59220580,1772466942513617,False,True
395340355,69008.65000000,0.00200000,138.01730000,1772467239268338,True,True
395340356,69144.53000000,0.00200000,138.28906000,1772467522340055,True,True
395340357,69577.44000000,0.00011000,7.65351840,1772467751456833,False,True
395340358,69602.07000000,0.00200000,139.20414000,1772467860581767,True,True
395340359,69501.14000000,0.00029000,20.15533060,1772467980889736,True,True
395340360,69486.56000000,0.00199000,138.27825440,1772468291169213,True,True
395340361,69486.56000000,0.00001000,0.69486560,1772468291169336,True,True
395340362,69219.37000000,0.00100000,69.21937000,1772468976741033,True,True
395340363,69219.37000000,0.00215000,148.82164550,1772468976746105,True,True
395340364,69218.13000000,0.00165000,114.20991450,1772468976753039,True,True
395340365,69184.06000000,0.00200000,138.36812000,1772469440864293,True,True
395340366,69031.19000000,0.00011000,7.59343090,1772469458627792,True,True
395340367,69084.10000000,0.00080000,55.26728000,1772469488306795,True,True
395340368,69084.10000000,0.00120000,82.90092000,1772469488310218,True,True
395340369,69017.11000000,0.00200000,138.03422000,1772469531927589,True,True
395340370,69050.67000000,0.00159000,109.79056530,1772469608316899,True,True
395340371,69048.79000000,0.00200000,138.09758000,1772469608316899,True,True
395340372,69440.09000000,0.00200000,138.88018000,1772469816665737,False,True
395340373,69484.69000000,0.01201000,834.51112690,1772469817075951,False,True
395340374,69484.69000000,0.00799000,555.18267310,1772469817163079,False,True
395340375,69518.03000000,0.00211000,146.68304330,1772469817355875,False,True
395340376,69493.49000000,0.00188000,130.64776120,1772469817377736,False,True
395340377,69493.49000000,0.00432000,300.21187680,1772469817385851,False,True
395340378,69493.49000000,0.00265000,184.15774850,1772469817386620,False,True
395340379,69493.49000000,0.00188000,130.64776120,1772469817389002,False,True
395340380,69577.44000000,0.00011000,7.65351840,1772469817975233,False,True
395340381,69559.52000000,0.00074000,51.47404480,1772469848112127,False,True
395340382,69559.52000000,0.00126000,87.64499520,1772469848116946,False,True
395340383,69841.62000000,0.00036000,25.14298320,1772469931026817,False,True
395340384,69999.67000000,0.00586000,410.19806620,1772470016154927,False,True
395340385,70000.00000000,0.00015000,10.50000000,1772470016199924,False,True
395340386,70000.00000000,0.00502000,351.40000000,1772470016199924,False,True
395340387,70000.00000000,0.01498000,1048.60000000,1772470018385732,False,True
395340388,70000.00000000,0.00311000,217.70000000,1772470018385732,False,True
395340389,69673.36000000,0.00200000,139.34672000,1772470228870967,True,True
395340390,69651.49000000,0.00200000,139.30298000,1772470261406319,False,True
395340391,69645.58000000,0.00018000,12.53620440,1772470448339976,False,True
395340392,69418.05000000,0.00200000,138.83610000,1772470749813601,True,True
395340393,69355.50000000,0.00200000,138.71100000,1772470962798979,True,True
395340394,69236.96000000,0.00036000,24.92530560,1772471496605748,True,True
395340395,69297.98000000,0.00200000,138.59596000,1772471600951861,False,True
395340396,69262.94000000,0.00682000,472.37325080,1772472528732635,False,True
395340397,69366.21000000,0.00080000,55.49296800,1772472596820467,False,True
395340398,69375.81000000,0.00200000,138.75162000,1772472643198223,True,True
395340399,69307.48000000,0.00200000,138.61496000,1772472754904852,True,True
395340400,69244.77000000,0.00200000,138.48954000,1772472837860068,False,True
395340401,69272.92000000,0.00200000,138.54584000,1772473063587785,True,True
395340402,69071.79000000,0.00200000,138.14358000,1772473268320648,False,True
395340403,69094.31000000,0.00040000,27.63772400,1772473293036341,True,True
395340404,69031.19000000,0.00011000,7.59343090,1772473397503192,True,True
395340405,69000.00000000,0.00015000,10.35000000,1772473397535784,True,True
395340406,68660.28000000,0.00025000,17.16507000,1772473459561043,True,True
395340407,68986.97000000,0.00200000,137.97394000,1772473897297043,False,True
395340408,69053.43000000,0.00010000,6.90534300,1772475026851224,False,True
395340409,68986.30000000,0.00200000,137.97260000,1772475479760337,True,True
395340410,68948.70000000,0.00200000,137.89740000,1772475566754487,True,True
395340411,68981.64000000,0.00068000,46.90751520,1772475744184734,True,True
395340412,68974.27000000,0.00200000,137.94854000,1772475902932402,True,True
395340413,69056.96000000,0.00388000,267.94100480,1772476026866793,False,True
395340414,69082.46000000,0.00200000,138.16492000,1772476050565648,True,True
395340415,69012.42000000,0.00200000,138.02484000,1772476243050047,True,True
395340416,69151.86000000,0.00200000,138.30372000,1772476408123628,False,True
395340417,69110.22000000,0.00200000,138.22044000,1772476448513416,True,True
395340418,69073.52000000,0.00072000,49.73293440,1772476661772434,True,True
395340419,69056.78000000,0.00200000,138.11356000,1772476681455449,True,True
395340420,69020.09000000,0.00200000,138.04018000,1772476735674594,True,True
395340421,68983.87000000,0.00200000,137.96774000,1772476811377099,True,True
395340422,69022.73000000,0.00200000,138.04546000,1772477023660333,False,True
395340423,69041.65000000,0.00204000,140.84496600,1772477023907834,False,True
395340424,69040.16000000,0.00200000,138.08032000,1772477134417827,False,True
395340425,68974.15000000,0.00200000,137.94830000,1772477247638064,True,True
395340426,69085.87000000,0.00200000,138.17174000,1772477423434484,True,True
395340427,68990.55000000,0.00200000,137.98110000,1772477506661081,True,True
395340428,68916.04000000,0.00200000,137.83208000,1772477584046405,True,True
395340429,68942.79000000,0.00200000,137.88558000,1772477626121836,True,True
395340430,68969.56000000,0.00200000,137.93912000,1772477723624561,True,True
395340431,68886.60000000,0.00388000,267.28000800,1772477861778509,True,True
395340432,68856.68000000,0.02043000,1406.74197240,1772477911740297,True,True
395340433,68847.71000000,0.01810000,1246.14355100,1772477912843005,True,True
395340434,68830.46000000,0.00200000,137.66092000,1772477943877287,False,True
395340435,68911.64000000,0.00442000,304.58944880,1772477952330342,False,True
395340436,68830.07000000,0.00391000,269.12557370,1772478058984721,True,True
395340437,68829.94000000,0.00200000,137.65988000,1772478058984721,True,True
395340438,68754.65000000,0.00200000,137.50930000,1772478194347369,True,True
395340439,68787.39000000,0.00040000,27.51495600,1772478252629592,True,True
395340440,68787.39000000,0.00160000,110.05982400,1772478252642433,True,True
395340441,68722.37000000,0.01160000,797.17949200,1772478371120266,True,True
395340442,68724.31000000,0.00200000,137.44862000,1772478372151691,True,True
395340443,68632.29000000,0.00036000,24.70762440,1772478431975544,True,True
395340444,68686.06000000,0.00200000,137.37212000,1772478536146322,True,True
395340445,68554.28000000,0.00228000,156.30375840,1772478697659641,True,True
395340446,68564.27000000,0.00200000,137.12854000,1772478714847412,False,True
395340447,68667.29000000,0.00200000,137.33458000,1772478807643834,True,True
395340448,68620.66000000,0.00114000,78.22755240,1772478832983473,True,True
395340449,68620.65000000,0.00280000,192.13782000,1772478832983473,True,True
395340450,68611.53000000,0.00057000,39.10857210,1772478864222290,True,True
395340451,68610.98000000,0.00200000,137.22196000,1772478864222290,True,True
395340452,68833.50000000,0.00200000,137.66700000,1772479067531306,True,True
395340453,68819.89000000,0.00200000,137.63978000,1772479171787105,True,True
395340454,68794.99000000,0.00200000,137.58998000,1772479246675201,False,True
395340455,68790.50000000,0.00200000,137.58100000,1772479297201336,True,True
395340456,68829.32000000,0.00200000,137.65864000,1772479394457206,True,True
395340457,68817.78000000,0.00200000,137.63556000,1772479496698324,True,True
395340458,68803.42000000,0.00200000,137.60684000,1772479534600215,True,True
395340459,68780.94000000,0.00200000,137.56188000,1772479627514315,True,True
395340460,68779.79000000,0.00200000,137.55958000,1772479693803096,True,True
395340461,68776.65000000,0.00200000,137.55330000,1772479782391680,True,True
395340462,68920.49000000,0.00200000,137.84098000,1772480152307929,True,True
395340463,68834.00000000,0.00200000,137.66800000,1772480399215162,True,True
395340464,68784.35000000,0.00200000,137.56870000,1772480501508519,True,True
395340465,68781.37000000,0.00200000,137.56274000,1772480591735783,True,True
395340466,68748.95000000,0.00200000,137.49790000,1772480632437945,True,True
395340467,68720.09000000,0.00557000,382.77090130,1772480679784482,True,True
395340468,68722.65000000,0.00200000,137.44530000,1772480699336559,True,True
395340469,68724.05000000,0.00200000,137.44810000,1772480760985070,True,True
395340470,68724.05000000,0.00550000,377.98227500,1772480760985070,True,True
395340471,68895.72000000,0.00200000,137.79144000,1772481539780753,True,True
395340472,68887.13000000,0.00200000,137.77426000,1772481662800977,False,True
395340473,68949.13000000,0.00200000,137.89826000,1772481722962866,False,True
395340474,69123.87000000,0.00200000,138.24774000,1772481800241312,False,True
395340475,68960.95000000,0.00935000,644.78488250,1772482029341094,True,True
395340476,68960.94000000,0.00198000,136.54266120,1772482029507100,True,True
395340477,68960.94000000,0.00002000,1.37921880,1772482029507223,True,True
395340478,68584.43000000,0.00200000,137.16886000,1772482310334109,False,True
395340479,68804.66000000,0.01278000,879.32355480,1772482610545710,False,True
395340480,68928.40000000,0.00200000,137.85680000,1772482756914555,True,True
395340481,68834.25000000,0.00200000,137.66850000,1772482807404362,True,True
395340482,68837.37000000,0.00200000,137.67474000,1772482867725646,True,True
395340483,68862.16000000,0.00200000,137.72432000,1772483024389081,True,True
395340484,68938.30000000,0.00200000,137.87660000,1772483119663852,False,True
395340485,68902.66000000,0.00200000,137.80532000,1772483169161356,True,True
395340486,68915.77000000,0.00200000,137.83154000,1772483397997339,True,True
395340487,68948.41000000,0.00200000,137.89682000,1772483442184709,True,True
395340488,69040.07000000,0.00200000,138.08014000,1772484030696443,True,True
395340489,69033.50000000,0.00200000,138.06700000,1772484071280596,True,True
395340490,69236.59000000,0.00497000,344.10585230,1772484322431389,False,True
395340491,69236.96000000,0.00036000,24.92530560,1772484322431389,False,True
395340492,69247.51000000,0.00976000,675.85569760,1772484369618547,False,True
395340493,69333.53000000,0.00200000,138.66706000,1772484548094876,True,True
395340494,69339.65000000,0.00044000,30.50944600,1772484615500618,False,True
395340495,69352.71000000,0.00200000,138.70542000,1772484648127285,True,True
395340496,69304.27000000,0.00200000,138.60854000,1772484708585142,False,True
395340497,69429.42000000,0.00200000,138.85884000,1772484751216419,True,True
395340498,69335.59000000,0.00200000,138.67118000,1772484810172308,True,True
395340499,69342.55000000,0.00200000,138.68510000,1772484878713339,True,True
395340500,69248.50000000,0.00200000,138.49700000,1772484991143684,True,True
395340501,69002.80000000,0.00200000,138.00560000,1772485225369298,False,True
395340502,69043.26000000,0.00158000,109.08835080,1772485225369298,False,True
395340503,69080.01000000,0.00200000,138.16002000,1772485346032607,False,True
395340504,69126.84000000,0.00200000,138.25368000,1772485830493055,True,True
395340505,69207.65000000,0.00440000,304.51366000,1772486071330652,False,True
395340506,69171.52000000,0.00200000,138.34304000,1772486528915311,False,True
395340507,69356.46000000,0.00200000,138.71292000,1772487595921679,False,True
395340508,69407.79000000,0.00200000,138.81558000,1772488155807685,True,True
395340509,69383.32000000,0.00200000,138.76664000,1772488380807718,True,True
395340510,69459.59000000,0.00200000,138.91918000,1772488475298078,True,True
395340511,69459.59000000,0.00200000,138.91918000,1772488512250892,True,True
395340512,69420.81000000,0.00200000,138.84162000,1772488551045630,True,True
395340513,69404.05000000,0.00200000,138.80810000,1772488893978768,True,True
395340514,69466.86000000,0.00200000,138.93372000,1772489024320116,True,True
395340515,69406.56000000,0.00022000,15.26944320,1772489053019253,True,True
395340516,69389.45000000,0.00200000,138.77890000,1772489271119299,True,True
395340517,69422.06000000,0.00200000,138.84412000,1772489468050983,True,True
395340518,69304.29000000,0.00200000,138.60858000,1772489559375143,True,True
395340519,69167.44000000,0.02121000,1467.04140240,1772489728789145,True,True
395340520,69217.97000000,0.00200000,138.43594000,1772490098830085,True,True
395340521,69228.59000000,0.00010000,6.92285900,1772490182227536,True,True
395340522,69228.58000000,0.00144000,99.68915520,1772490182227536,True,True
395340523,69332.05000000,0.00138000,95.67822900,1772490512198823,True,True
395340524,69342.71000000,0.00200000,138.68542000,1772490750134926,True,True
395340525,69341.07000000,0.00200000,138.68214000,1772490789169212,True,True
395340526,69291.45000000,0.00200000,138.58290000,1772491141196383,True,True
395340527,69319.67000000,0.00200000,138.63934000,1772491201396978,True,True
395340528,69391.15000000,0.00200000,138.78230000,1772492401924088,True,True
395340529,69367.48000000,0.00200000,138.73496000,1772492502707658,True,True
395340530,69297.22000000,0.00200000,138.59444000,1772492709914658,True,True
395340531,69292.60000000,0.00072000,49.89067200,1772492848708176,False,True
395340532,69292.60000000,0.01275000,883.48065000,1772492848719072,False,True
395340533,69277.04000000,0.00030000,20.78311200,1772492919712508,False,True
395340534,69190.85000000,0.00200000,138.38170000,1772493523872055,True,True
395340535,69133.67000000,0.02066000,1428.30162220,1772493781081564,True,True
395340536,69103.33000000,0.02057000,1421.45549810,1772493781998460,True,True
395340537,69035.75000000,0.00200000,138.07150000,1772494098678375,True,True
395340538,68845.45000000,0.00316000,217.55162200,1772494380932976,False,True
395340539,68788.26000000,0.00413000,284.09551380,1772494534055201,True,True
395340540,68828.79000000,0.00200000,137.65758000,1772494687243003,True,True
395340541,68751.98000000,0.00040000,27.50079200,1772496009864832,True,True
395340542,68905.23000000,0.00200000,137.81046000,1772496565477318,False,True
395340543,68776.64000000,0.00200000,137.55328000,1772497063679648,True,True
395340544,68728.36000000,0.00200000,137.45672000,1772497155542194,True,True
395340545,68714.30000000,0.00010000,6.87143000,1772497435037742,False,True
395340546,68714.30000000,0.00008000,5.49714400,1772497438038448,False,True
395340547,68689.45000000,0.00200000,137.37890000,1772497534398391,True,True
395340548,68760.39000000,0.02064000,1419.21444960,1772497809698559,True,True
395340549,68706.13000000,0.00200000,137.41226000,1772497839182430,True,True
395340550,68922.43000000,0.00200000,137.84486000,1772498101244071,True,True
395340551,68998.36000000,0.02000000,1379.96720000,1772498198895113,False,True
395340552,69005.32000000,0.00200000,138.01064000,1772499543674110,False,True
395340553,68982.88000000,0.00200000,137.96576000,1772499724460465,False,True
395340554,68942.24000000,0.02000000,1378.84480000,1772500874831616,False,True
395340555,68882.14000000,0.00128000,88.16913920,1772501401821779,True,True
395340556,68882.13000000,0.00477000,328.56776010,1772501401821779,True,True
395340557,68934.63000000,0.00200000,137.86926000,1772501853641153,False,True
395340558,68913.82000000,0.01767000,1217.70719940,1772502022029442,True,True
395340559,68913.82000000,0.00085000,58.57674700,1772502022038579,True,True
395340560,68913.82000000,0.00194000,133.69281080,1772502022114537,True,True
395340561,68836.73000000,0.00143000,98.43652390,1772502022309305,True,True
395340562,68919.99000000,0.00200000,137.83998000,1772502100336913,False,True
395340563,68632.29000000,0.00036000,24.70762440,1772503291989220,True,True
395340564,68484.94000000,0.00011000,7.53334340,1772503368383837,True,True
395340565,68463.10000000,0.00200000,136.92620000,1772504363269728,False,True
395340566,68368.04000000,0.00148000,101.18469920,1772504495115484,True,True
395340567,68368.04000000,0.00052000,35.55138080,1772504495127146,True,True
395340568,68258.55000000,0.00199000,135.83451450,1772504510768357,True,True
395340569,68362.55000000,0.00137000,93.65669350,1772505122011501,True,True
395340570,68322.62000000,0.00021000,14.34775020,1772505499923600,True,True
395340571,68491.83000000,0.00200000,136.98366000,1772506582845634,False,True
395340572,68568.19000000,0.00218000,149.47865420,1772506621391632,False,True
395340573,68356.22000000,0.00200000,136.71244000,1772507367245951,False,True
395340574,68446.01000000,0.00251000,171.79948510,1772507397633253,False,True
395340575,68397.83000000,0.00199000,136.11168170,1772507398655118,False,True
395340576,68397.83000000,0.00001000,0.68397830,1772507398655236,False,True
395340577,68446.01000000,0.00103000,70.49939030,1772507398655236,False,True
395340578,68458.71000000,0.00095000,65.03577450,1772507398655236,False,True
395340579,68458.71000000,0.00051000,34.91394210,1772507398655348,False,True
395340580,68458.72000000,0.00148000,101.31890560,1772507398655348,False,True
395340581,68458.72000000,0.00128000,87.62716160,1772507398655361,False,True
395340582,68458.72000000,0.00078000,53.39780160,1772507398655387,False,True
395340583,68472.69000000,0.00121000,82.85195490,1772507398655387,False,True
395340584,68472.69000000,0.00199000,136.26065310,1772507398655404,False,True
395340585,68472.69000000,0.00128000,87.64504320,1772507398655447,False,True
395340586,68472.69000000,0.00199000,136.26065310,1772507398655594,False,True
395340587,68472.69000000,0.00128000,87.64504320,1772507398655805,False,True
395340588,68472.69000000,0.00128000,87.64504320,1772507398655887,False,True
395340589,68472.69000000,0.00199000,136.26065310,1772507398656487,False,True
395340590,68472.69000000,0.00199000,136.26065310,1772507398657299,False,True
395340591,68472.69000000,0.00199000,136.26065310,1772507398657447,False,True
395340592,68486.20000000,0.06604000,4522.82864800,1772507398959721,True,True
395340593,68486.20000000,0.00128000,87.66233600,1772507398960063,True,True
395340594,68486.20000000,0.00868000,594.46021600,1772507398961171,True,True
395340595,68486.20000000,0.04370000,2992.84694000,1772507398964228,True,True
395340596,68486.20000000,0.00080000,54.78896000,1772507398965713,True,True
395340597,68486.20000000,0.03128000,2142.24833600,1772507398969886,True,True
395340598,68486.20000000,0.02047000,1401.91251400,1772507398976979,True,True
395340599,68486.20000000,0.00060000,41.09172000,1772507398980149,True,True
395340600,68486.20000000,0.00144000,98.62012800,1772507398980477,True,True
395340601,68486.20000000,0.00478000,327.36403600,1772507398989841,True,True
395340602,68486.20000000,0.00478000,327.36403600,1772507399084816,True,True
395340603,68486.20000000,0.00035000,23.97017000,1772507399156016,True,True
395340604,68486.20000000,0.08578000,5874.74623600,1772507399157144,True,True
395340605,68486.20000000,0.08578000,5874.74623600,1772507399157312,True,True
395340606,68486.20000000,0.08578000,5874.74623600,1772507399157380,True,True
395340607,68486.20000000,0.08578000,5874.74623600,1772507399157916,True,True
395340608,68486.20000000,0.05400000,3698.25480000,1772507399158570,True,True
395340609,68486.20000000,0.03186000,2181.97033200,1772507399158655,True,True
395340610,68486.20000000,0.09294000,6365.10742800,1772507412579808,True,True
395340611,68486.20000000,0.09294000,6365.10742800,1772507412579890,True,True
395340612,68486.20000000,0.09294000,6365.10742800,1772507412579898,True,True
395340613,68486.20000000,0.09294000,6365.10742800,1772507412579904,True,True
395340614,68486.20000000,0.00538000,368.45575600,1772507412579934,True,True
395340615,68486.20000000,0.00128000,87.66233600,1772507412580127,True,True
395340616,68486.20000000,0.00128000,87.66233600,1772507412580345,True,True
395340617,68486.20000000,0.00128000,87.66233600,1772507412580355,True,True
395340618,68486.20000000,0.00128000,87.66233600,1772507412580424,True,True
395340619,68486.20000000,0.00128000,87.66233600,1772507412580989,True,True
395340620,68486.20000000,0.07707000,5278.23143400,1772507412581285,True,True
395340621,68486.20000000,0.07707000,5278.23143400,1772507412581662,True,True
395340622,68486.20000000,0.07550000,5170.70810000,1772507412581967,True,True
395340623,68417.71000000,0.00157000,107.41580470,1772507412723339,False,True
395340624,68417.71000000,0.00417000,285.30185070,1772507412723339,False,True
